<?xml version="1.0" encoding="UTF-8"?>
<!DOCTYPE html PUBLIC "-//W3C//DTD XHTML 1.0 Transitional//EN"
    "http://www.w3.org/TR/xhtml1/DTD/xhtml1-transitional.dtd">
<html xmlns="http://www.w3.org/1999/xhtml" xml:lang="en" lang="en">
 <head>
  <title>
</title>
<meta http-equiv="Content-Type" content="text/html;charset=utf-8" />
  <meta name='ocr-system' content='tesseract 3.04.00' />
  <meta name='ocr-capabilities' content='ocr_page ocr_carea ocr_par ocr_line ocrx_word'/>
</head>
<body>
  <div class='ocr_page' id='page_1' title='image "./rogeridewendove06rogegoog_0284.png"; bbox 0 0 2858 4876; ppageno 0'>
   <div class='ocr_carea' id='block_1_1' title="bbox 366 398 1125 486">
    <p class='ocr_par' dir='ltr' id='par_1_1' title="bbox 366 398 1125 486">
     <span class='ocr_line' id='line_1_1' title="bbox 366 398 1125 486; baseline 0.007 -29"><span class='ocrx_word' id='word_1_1' title='bbox 366 481 370 486; x_wconf 92' lang='lat'>.</span> <span class='ocrx_word' id='word_1_2' title='bbox 434 409 573 458; x_wconf 78' lang='lat' dir='ltr'><strong>rnoans</strong></span> <span class='ocrx_word' id='word_1_3' title='bbox 597 408 867 458; x_wconf 73' lang='lat' dir='ltr'><strong>nrsronrnauu.</strong></span> <span class='ocrx_word' id='word_1_4' title='bbox 1059 398 1125 481; x_wconf 77' lang='grc'><strong>275</strong></span> 
     </span>
    </p>
   </div>
   <div class='ocr_carea' id='block_1_2' title="bbox 171 566 1271 852">
    <p class='ocr_par' dir='ltr' id='par_1_2' title="bbox 171 566 1271 852">
     <span class='ocr_line' id='line_1_2' title="bbox 171 566 1260 650; baseline -0.002 -19"><span class='ocrx_word' id='word_1_5' title='bbox 171 567 297 631; x_wconf 83' lang='lat' dir='ltr'><strong>tatutis</strong></span> <span class='ocrx_word' id='word_1_6' title='bbox 318 567 354 630; x_wconf 92' lang='lat' dir='ltr'><strong>in</strong></span> <span class='ocrx_word' id='word_1_7' title='bbox 372 566 536 650; x_wconf 80' lang='lat' dir='ltr'><strong>Angliam</strong></span> <span class='ocrx_word' id='word_1_8' title='bbox 552 567 705 645; x_wconf 87' lang='lat' dir='ltr'><strong>veniens,</strong></span> <span class='ocrx_word' id='word_1_9' title='bbox 721 567 977 650; x_wconf 83' lang='lat' dir='ltr'><strong>quinquaginta</strong></span> <span class='ocrx_word' id='word_1_10' title='bbox 992 570 1029 633; x_wconf 93' lang='lat' dir='ltr'><strong>in</strong></span> <span class='ocrx_word' id='word_1_11' title='bbox 1050 572 1123 634; x_wconf 91' lang='lat' dir='ltr'><strong>bre-</strong></span> <span class='ocrx_word' id='word_1_12' title='bbox 1136 587 1193 628; x_wconf 73' lang='lat' dir='ltr'><strong>nn.</strong></span> <span class='ocrx_word' id='word_1_13' title='bbox 1204 589 1260 630; x_wconf 72' lang='lat'>121³.</span> 
     </span>
     <span class='ocr_line' id='line_1_3' title="bbox 171 666 1271 751; baseline 0.005 -20"><span class='ocrx_word' id='word_1_14' title='bbox 171 668 208 731; x_wconf 86' lang='lat' dir='ltr'><strong>vi</strong></span> <span class='ocrx_word' id='word_1_15' title='bbox 222 674 257 732; x_wconf 88' lang='lat' dir='ltr'><strong>et</strong></span> <span class='ocrx_word' id='word_1_16' title='bbox 271 667 401 732; x_wconf 85' lang='lat' dir='ltr'><strong>familia</strong></span> <span class='ocrx_word' id='word_1_17' title='bbox 414 668 525 732; x_wconf 88' lang='lat' dir='ltr'><strong>multa</strong></span> <span class='ocrx_word' id='word_1_18' title='bbox 544 667 646 730; x_wconf 90' lang='lat' dir='ltr'><strong>nimis</strong></span> <span class='ocrx_word' id='word_1_19' title='bbox 668 669 817 751; x_wconf 90' lang='lat' dir='ltr'><strong>stipatus</strong></span> <span class='ocrx_word' id='word_1_20' title='bbox 832 666 983 733; x_wconf 85' lang='lat' dir='ltr'><strong>incessit.</strong></span> <span class='ocrx_word' id='word_1_21' title='bbox 1030 670 1122 735; x_wconf 82' lang='lat' dir='ltr'><strong>Con·</strong></span> <span class='ocrx_word' id='word_1_22' title='bbox 1135 695 1271 737; x_wconf 65' lang='lat' dir='ltr'><strong>aureum</strong></span> 
     </span>
     <span class='ocr_line' id='line_1_4' title="bbox 172 747 1250 852; baseline 0.006 -21"><span class='ocrx_word' id='word_1_23' title='bbox 172 769 332 833; x_wconf 86' lang='lat' dir='ltr'><strong>veniente</strong></span> <span class='ocrx_word' id='word_1_24' title='bbox 351 769 490 832; x_wconf 90' lang='lat' dir='ltr'><strong>taudem</strong></span> <span class='ocrx_word' id='word_1_25' title='bbox 506 766 766 852; x_wconf 81' lang='lat' dir='ltr'><strong>archiepiscopo</strong></span> <span class='ocrx_word' id='word_1_26' title='bbox 783 767 1025 834; x_wconf 72' lang='lat' dir='ltr'><strong>cantuariensi</strong></span> <span class='ocrx_word' id='word_1_27' title='bbox 1044 790 1122 834; x_wconf 91' lang='lat' dir='ltr'><strong>cum</strong></span> <span class='ocrx_word' id='word_1_28' title='bbox 1135 747 1250 837; x_wconf 55' lang='lat' dir='ltr'><strong>imm</strong></span> 
     </span>
    </p>
   </div>
   <div class='ocr_carea' id='block_1_3' title="bbox 71 867 1233 3245">
    <p class='ocr_par' dir='ltr' id='par_1_3' title="bbox 71 867 1233 3245">
     <span class='ocr_line' id='line_1_5' title="bbox 173 867 1122 953; baseline 0.003 -22"><span class='ocrx_word' id='word_1_29' title='bbox 173 868 344 951; x_wconf 87' lang='lat' dir='ltr'><strong>episcopis</strong></span> <span class='ocrx_word' id='word_1_30' title='bbox 361 874 397 932; x_wconf 94' lang='lat' dir='ltr'><strong>et</strong></span> <span class='ocrx_word' id='word_1_31' title='bbox 414 868 635 948; x_wconf 80' lang='lat' dir='ltr'><strong>magnatibus</strong></span> <span class='ocrx_word' id='word_1_32' title='bbox 655 869 753 949; x_wconf 81' lang='lat' dir='ltr'><strong>regni</strong></span> <span class='ocrx_word' id='word_1_33' title='bbox 768 867 956 933; x_wconf 87' lang='lat' dir='ltr'><strong>Londouiis</strong></span> <span class='ocrx_word' id='word_1_34' title='bbox 978 871 1014 933; x_wconf 90' lang='lat' dir='ltr'><strong>in</strong></span> <span class='ocrx_word' id='word_1_35' title='bbox 1034 890 1122 953; x_wconf 88' lang='lat' dir='ltr'><strong>prae-</strong></span> 
     </span>
     <span class='ocr_line' id='line_1_6' title="bbox 172 967 1121 1049; baseline 0.005 -19"><span class='ocrx_word' id='word_1_36' title='bbox 172 968 286 1032; x_wconf 87' lang='lat' dir='ltr'><strong>sentia</strong></span> <span class='ocrx_word' id='word_1_37' title='bbox 309 967 401 1049; x_wconf 82' lang='lat' dir='ltr'><strong>regis</strong></span> <span class='ocrx_word' id='word_1_38' title='bbox 426 974 462 1031; x_wconf 91' lang='lat' dir='ltr'><strong>et</strong></span> <span class='ocrx_word' id='word_1_39' title='bbox 485 967 684 1043; x_wconf 89' lang='lat' dir='ltr'><strong>cardinalis,</strong></span> <span class='ocrx_word' id='word_1_40' title='bbox 704 974 891 1032; x_wconf 87' lang='lat' dir='ltr'><strong>tractatum</strong></span> <span class='ocrx_word' id='word_1_41' title='bbox 915 975 970 1033; x_wconf 91' lang='lat' dir='ltr'><strong>est</strong></span> <span class='ocrx_word' id='word_1_42' title='bbox 994 969 1121 1036; x_wconf 87' lang='lat' dir='ltr'><strong>ibidem</strong></span> 
     </span>
     <span class='ocr_line' id='line_1_7' title="bbox 172 1067 1121 1149; baseline 0.006 -20"><span class='ocrx_word' id='word_1_43' title='bbox 172 1087 234 1149; x_wconf 91' lang='lat' dir='ltr'><strong>per</strong></span> <span class='ocrx_word' id='word_1_44' title='bbox 269 1067 419 1131; x_wconf 90' lang='lat' dir='ltr'><strong>triduum</strong></span> <span class='ocrx_word' id='word_1_45' title='bbox 455 1067 545 1132; x_wconf 90' lang='lat' dir='ltr'><strong>iuter</strong></span> <span class='ocrx_word' id='word_1_46' title='bbox 576 1086 721 1148; x_wconf 85' lang='lat' dir='ltr'><strong>reguum</strong></span> <span class='ocrx_word' id='word_1_47' title='bbox 755 1075 792 1132; x_wconf 91' lang='lat' dir='ltr'><strong>et</strong></span> <span class='ocrx_word' id='word_1_48' title='bbox 818 1069 1047 1134; x_wconf 86' lang='lat' dir='ltr'><strong>sacerdotium</strong></span> <span class='ocrx_word' id='word_1_49' title='bbox 1078 1070 1121 1135; x_wconf 90' lang='lat' dir='ltr'><strong>de</strong></span> 
     </span>
     <span class='ocr_line' id='line_1_8' title="bbox 170 1165 1120 1253; baseline 0.005 -24"><span class='ocrx_word' id='word_1_50' title='bbox 170 1166 305 1231; x_wconf 88' lang='lat' dir='ltr'><strong>damnis</strong></span> <span class='ocrx_word' id='word_1_51' title='bbox 335 1165 574 1250; x_wconf 89' lang='lat' dir='ltr'><strong>episcoporum</strong></span> <span class='ocrx_word' id='word_1_52' title='bbox 601 1174 637 1231; x_wconf 92' lang='lat' dir='ltr'><strong>et</strong></span> <span class='ocrx_word' id='word_1_53' title='bbox 660 1166 800 1244; x_wconf 88' lang='lat' dir='ltr'><strong>ablatis,</strong></span> <span class='ocrx_word' id='word_1_54' title='bbox 827 1168 921 1232; x_wconf 87' lang='lat' dir='ltr'><strong>facta</strong></span> <span class='ocrx_word' id='word_1_55' title='bbox 946 1189 992 1232; x_wconf 82' lang='lat' dir='ltr'><strong>ex</strong></span> <span class='ocrx_word' id='word_1_56' title='bbox 1020 1177 1120 1253; x_wconf 88' lang='lat' dir='ltr'><strong>parte</strong></span> 
     </span>
     <span class='ocr_line' id='line_1_9' title="bbox 171 1266 1120 1351; baseline 0.005 -22"><span class='ocrx_word' id='word_1_57' title='bbox 171 1267 263 1348; x_wconf 83' lang='lat' dir='ltr'><strong>regis</strong></span> <span class='ocrx_word' id='word_1_58' title='bbox 285 1266 460 1332; x_wconf 86' lang='lat' dir='ltr'><strong>oblatione</strong></span> <span class='ocrx_word' id='word_1_59' title='bbox 475 1268 646 1351; x_wconf 88' lang='lat' dir='ltr'><strong>episcopis</strong></span> <span class='ocrx_word' id='word_1_60' title='bbox 668 1266 834 1350; x_wconf 85' lang='lat' dir='ltr'><strong>praefatis,</strong></span> <span class='ocrx_word' id='word_1_61' title='bbox 858 1267 903 1331; x_wconf 92' lang='lat' dir='ltr'><strong>ad</strong></span> <span class='ocrx_word' id='word_1_62' title='bbox 930 1269 1120 1351; x_wconf 80' lang='lat' dir='ltr'><strong>plenariam</strong></span> 
     </span>
     <span class='ocr_line' id='line_1_10' title="bbox 171 1366 1120 1450; baseline 0.005 -22"><span class='ocrx_word' id='word_1_63' title='bbox 171 1366 437 1444; x_wconf 88' lang='lat' dir='ltr'><strong>restitutionem,</strong></span> <span class='ocrx_word' id='word_1_64' title='bbox 462 1374 599 1432; x_wconf 91' lang='lat' dir='ltr'><strong>centum</strong></span> <span class='ocrx_word' id='word_1_65' title='bbox 630 1367 740 1431; x_wconf 90' lang='lat' dir='ltr'><strong>millia</strong></span> <span class='ocrx_word' id='word_1_66' title='bbox 768 1387 960 1431; x_wconf 87' lang='lat' dir='ltr'><strong>marcarum</strong></span> <span class='ocrx_word' id='word_1_67' title='bbox 984 1371 1120 1450; x_wconf 80' lang='lat' dir='ltr'><strong>argenti</strong></span> 
     </span>
     <span class='ocr_line' id='line_1_11' title="bbox 171 1467 1120 1551; baseline 0.003 -22"><span class='ocrx_word' id='word_1_68' title='bbox 171 1467 334 1531; x_wconf 91' lang='lat' dir='ltr'><strong>continuo</strong></span> <span class='ocrx_word' id='word_1_69' title='bbox 363 1467 673 1546; x_wconf 80' lang='lat' dir='ltr'><strong>numerandarum3</strong></span> <span class='ocrx_word' id='word_1_70' title='bbox 705 1474 740 1531; x_wconf 93' lang='lat' dir='ltr'><strong>et</strong></span> <span class='ocrx_word' id='word_1_71' title='bbox 768 1467 798 1531; x_wconf 90' lang='lat' dir='ltr'><strong>si</strong></span> <span class='ocrx_word' id='word_1_72' title='bbox 823 1475 903 1549; x_wconf 90' lang='lat' dir='ltr'><strong>post</strong></span> <span class='ocrx_word' id='word_1_73' title='bbox 926 1467 1120 1551; x_wconf 86' lang='lat' dir='ltr'><strong>inquisitio·</strong></span> 
     </span>
     <span class='ocr_line' id='line_1_12' title="bbox 118 1566 1121 1649; baseline 0.002 -21"><span class='ocrx_word' id='word_1_74' title='bbox 118 1586 122 1594; x_wconf 60' lang='grc'><strong>“</strong></span> <span class='ocrx_word' id='word_1_75' title='bbox 170 1585 249 1630; x_wconf 91' lang='lat' dir='ltr'><strong>nem</strong></span> <span class='ocrx_word' id='word_1_76' title='bbox 265 1566 469 1649; x_wconf 80' lang='lat' dir='ltr'><strong>investigari</strong></span> <span class='ocrx_word' id='word_1_77' title='bbox 486 1573 616 1649; x_wconf 89' lang='lat' dir='ltr'><strong>posset,</strong></span> <span class='ocrx_word' id='word_1_78' title='bbox 639 1567 800 1630; x_wconf 87' lang='lat' dir='ltr'><strong>custodes</strong></span> <span class='ocrx_word' id='word_1_79' title='bbox 816 1567 1037 1631; x_wconf 87' lang='lat' dir='ltr'><strong>ecclesiarum</strong></span> <span class='ocrx_word' id='word_1_80' title='bbox 1060 1569 1121 1632; x_wconf 88' lang='lat' dir='ltr'><strong>ali·</strong></span> 
     </span>
     <span class='ocr_line' id='line_1_13' title="bbox 170 1664 1233 1750; baseline 0.003 -20"><span class='ocrx_word' id='word_1_81' title='bbox 170 1685 254 1731; x_wconf 86' lang='lat' dir='ltr'><strong>osve</strong></span> <span class='ocrx_word' id='word_1_82' title='bbox 279 1667 371 1748; x_wconf 81' lang='lat' dir='ltr'><strong>regis</strong></span> <span class='ocrx_word' id='word_1_83' title='bbox 398 1666 574 1731; x_wconf 87' lang='lat' dir='ltr'><strong>ministros</strong></span> <span class='ocrx_word' id='word_1_84' title='bbox 599 1666 747 1749; x_wconf 86' lang='lat' dir='ltr'><strong>amplius</strong></span> <span class='ocrx_word' id='word_1_85' title='bbox 769 1667 966 1744; x_wconf 87' lang='lat' dir='ltr'><strong>abstulisse,</strong></span> <span class='ocrx_word' id='word_1_86' title='bbox 983 1667 1120 1750; x_wconf 87' lang='lat' dir='ltr'><strong>jurato·</strong></span> <span class='ocrx_word' id='word_1_87' title='bbox 1229 1664 1233 1670; x_wconf 77' lang='grc'><strong>’</strong></span> 
     </span>
     <span class='ocr_line' id='line_1_14' title="bbox 170 1765 1120 1849; baseline 0.003 -21"><span class='ocrx_word' id='word_1_88' title='bbox 170 1765 258 1829; x_wconf 90' lang='lat' dir='ltr'><strong>riam</strong></span> <span class='ocrx_word' id='word_1_89' title='bbox 297 1765 423 1831; x_wconf 91' lang='lat' dir='ltr'><strong>obtulit</strong></span> <span class='ocrx_word' id='word_1_90' title='bbox 461 1786 524 1831; x_wconf 90' lang='lat' dir='ltr'><strong>rex</strong></span> <span class='ocrx_word' id='word_1_91' title='bbox 557 1773 593 1830; x_wconf 90' lang='lat' dir='ltr'><strong>et</strong></span> <span class='ocrx_word' id='word_1_92' title='bbox 623 1766 873 1849; x_wconf 89' lang='lat' dir='ltr'><strong>fidejussoriam</strong></span> <span class='ocrx_word' id='word_1_93' title='bbox 912 1767 1120 1844; x_wconf 87' lang='lat' dir='ltr'><strong>cautionem,</strong></span> 
     </span>
     <span class='ocr_line' id='line_1_15' title="bbox 170 1865 1120 1949; baseline 0.004 -21"><span class='ocrx_word' id='word_1_94' title='bbox 170 1865 263 1948; x_wconf 90' lang='lat' dir='ltr'><strong>quod</strong></span> <span class='ocrx_word' id='word_1_95' title='bbox 289 1885 352 1949; x_wconf 90' lang='lat' dir='ltr'><strong>pro</strong></span> <span class='ocrx_word' id='word_1_96' title='bbox 378 1866 616 1949; x_wconf 88' lang='lat' dir='ltr'><strong>episcoporum</strong></span> <span class='ocrx_word' id='word_1_97' title='bbox 647 1872 683 1929; x_wconf 91' lang='lat' dir='ltr'><strong>et</strong></span> <span class='ocrx_word' id='word_1_98' title='bbox 704 1866 813 1949; x_wconf 90' lang='lat' dir='ltr'><strong>ipsius</strong></span> <span class='ocrx_word' id='word_1_99' title='bbox 841 1866 949 1948; x_wconf 82' lang='lat' dir='ltr'><strong>legati</strong></span> <span class='ocrx_word' id='word_1_100' title='bbox 976 1868 1120 1932; x_wconf 88' lang='lat' dir='ltr'><strong>arbitrio</strong></span> 
     </span>
     <span class='ocr_line' id='line_1_16' title="bbox 169 1964 1149 2051; baseline 0.002 -23"><span class='ocrx_word' id='word_1_101' title='bbox 169 1964 261 2028; x_wconf 85' lang='lat' dir='ltr'><strong>infra</strong></span> <span class='ocrx_word' id='word_1_102' title='bbox 279 1985 427 2048; x_wconf 85' lang='lat' dir='ltr'><strong>sequeus</strong></span> <span class='ocrx_word' id='word_1_103' title='bbox 443 1964 582 2030; x_wconf 85' lang='lat' dir='ltr'><strong>Pascha</strong></span> <span class='ocrx_word' id='word_1_104' title='bbox 604 1965 875 2030; x_wconf 85' lang='lat' dir='ltr'><strong>satisfactionem</strong></span> <span class='ocrx_word' id='word_1_105' title='bbox 894 1965 1033 2051; x_wconf 91' lang='lat' dir='ltr'><strong>plenam</strong></span> <span class='ocrx_word' id='word_1_106' title='bbox 1049 1987 1122 2030; x_wconf 89' lang='lat' dir='ltr'><strong>om·</strong></span> <span class='ocrx_word' id='word_1_107' title='bbox 1145 2036 1149 2042; x_wconf 60' lang='grc'><strong>,</strong></span> 
     </span>
     <span class='ocr_line' id='line_1_17' title="bbox 170 2063 1120 2146; baseline 0.002 -18"><span class='ocrx_word' id='word_1_108' title='bbox 170 2064 270 2130; x_wconf 91' lang='lat' dir='ltr'><strong>nibus</strong></span> <span class='ocrx_word' id='word_1_109' title='bbox 288 2064 418 2130; x_wconf 86' lang='lat' dir='ltr'><strong>faceret</strong></span> <span class='ocrx_word' id='word_1_110' title='bbox 432 2065 637 2130; x_wconf 88' lang='lat' dir='ltr'><strong>ablatorum.</strong></span> <span class='ocrx_word' id='word_1_111' title='bbox 690 2063 746 2129; x_wconf 87' lang='lat' dir='ltr'><strong>Ad</strong></span> <span class='ocrx_word' id='word_1_112' title='bbox 762 2065 827 2130; x_wconf 88' lang='lat' dir='ltr'><strong>hoc</strong></span> <span class='ocrx_word' id='word_1_113' title='bbox 848 2073 964 2130; x_wconf 86' lang='lat' dir='ltr'><strong>autem</strong></span> <span class='ocrx_word' id='word_1_114' title='bbox 983 2065 1120 2146; x_wconf 83' lang='lat' dir='ltr'><strong>legatus</strong></span> 
     </span>
     <span class='ocr_line' id='line_1_18' title="bbox 169 2164 1120 2247; baseline 0.001 -19"><span class='ocrx_word' id='word_1_115' title='bbox 169 2165 355 2241; x_wconf 86' lang='lat' dir='ltr'><strong>consensit,</strong></span> <span class='ocrx_word' id='word_1_116' title='bbox 377 2164 498 2228; x_wconf 89' lang='lat' dir='ltr'><strong>voleus</strong></span> <span class='ocrx_word' id='word_1_117' title='bbox 519 2166 692 2230; x_wconf 87' lang='lat' dir='ltr'><strong>instanter</strong></span> <span class='ocrx_word' id='word_1_118' title='bbox 715 2164 883 2243; x_wconf 83' lang='lat' dir='ltr'><strong>bachari,</strong></span> <span class='ocrx_word' id='word_1_119' title='bbox 909 2165 1051 2247; x_wconf 84' lang='lat' dir='ltr'><strong>indigne</strong></span> <span class='ocrx_word' id='word_1_120' title='bbox 1070 2167 1120 2229; x_wconf 86' lang='lat' dir='ltr'><strong>fe·</strong></span> 
     </span>
     <span class='ocr_line' id='line_1_19' title="bbox 168 2263 1120 2347; baseline 0.001 -19"><span class='ocrx_word' id='word_1_121' title='bbox 168 2282 261 2342; x_wconf 88' lang='lat' dir='ltr'><strong>rens,</strong></span> <span class='ocrx_word' id='word_1_122' title='bbox 276 2263 368 2347; x_wconf 90' lang='lat' dir='ltr'><strong>quod</strong></span> <span class='ocrx_word' id='word_1_123' title='bbox 384 2283 454 2328; x_wconf 91' lang='lat' dir='ltr'><strong>non</strong></span> <span class='ocrx_word' id='word_1_124' title='bbox 468 2265 587 2329; x_wconf 90' lang='lat' dir='ltr'><strong>statim</strong></span> <span class='ocrx_word' id='word_1_125' title='bbox 604 2272 767 2347; x_wconf 91' lang='lat' dir='ltr'><strong>suscepta</strong></span> <span class='ocrx_word' id='word_1_126' title='bbox 780 2263 846 2328; x_wconf 86' lang='lat' dir='ltr'><strong>suit</strong></span> <span class='ocrx_word' id='word_1_127' title='bbox 857 2264 986 2330; x_wconf 89' lang='lat' dir='ltr'><strong>oblatio</strong></span> <span class='ocrx_word' id='word_1_128' title='bbox 999 2285 1008 2345; x_wconf 81' lang='lat'><em>3</em></span> <span class='ocrx_word' id='word_1_129' title='bbox 1029 2266 1120 2329; x_wconf 89' lang='lat' dir='ltr'><strong>uude</strong></span> 
     </span>
     <span class='ocr_line' id='line_1_20' title="bbox 168 2364 1120 2448; baseline 0.003 -22"><span class='ocrx_word' id='word_1_130' title='bbox 168 2364 329 2447; x_wconf 88' lang='lat' dir='ltr'><strong>protinus</strong></span> <span class='ocrx_word' id='word_1_131' title='bbox 341 2364 553 2446; x_wconf 88' lang='lat' dir='ltr'><strong>suspicatum</strong></span> <span class='ocrx_word' id='word_1_132' title='bbox 570 2372 635 2442; x_wconf 88' lang='lat' dir='ltr'><strong>est,</strong></span> <span class='ocrx_word' id='word_1_133' title='bbox 650 2364 804 2446; x_wconf 82' lang='lat' dir='ltr'><strong>legatum</strong></span> <span class='ocrx_word' id='word_1_134' title='bbox 819 2364 898 2447; x_wconf 93' lang='lat' dir='ltr'><strong>plus</strong></span> <span class='ocrx_word' id='word_1_135' title='bbox 912 2383 1013 2446; x_wconf 87' lang='lat' dir='ltr'><strong>aequo</strong></span> <span class='ocrx_word' id='word_1_136' title='bbox 1027 2367 1120 2448; x_wconf 89' lang='lat' dir='ltr'><strong>parti</strong></span> 
     </span>
     <span class='ocr_line' id='line_1_21' title="bbox 167 2464 1120 2547; baseline 0.002 -20"><span class='ocrx_word' id='word_1_137' title='bbox 167 2464 274 2546; x_wconf 80' lang='lat' dir='ltr'><strong>regiae</strong></span> <span class='ocrx_word' id='word_1_138' title='bbox 285 2465 490 2528; x_wconf 89' lang='lat' dir='ltr'><strong>consentire.</strong></span> <span class='ocrx_word' id='word_1_139' title='bbox 520 2464 683 2546; x_wconf 89' lang='lat' dir='ltr'><strong>Episcopi</strong></span> <span class='ocrx_word' id='word_1_140' title='bbox 696 2483 834 2547; x_wconf 91' lang='lat' dir='ltr'><strong>quoque</strong></span> <span class='ocrx_word' id='word_1_141' title='bbox 847 2464 1024 2545; x_wconf 85' lang='lat' dir='ltr'><strong>negotium</strong></span> <span class='ocrx_word' id='word_1_142' title='bbox 1042 2484 1120 2547; x_wconf 86' lang='lat' dir='ltr'><strong>pro-</strong></span> 
     </span>
     <span class='ocr_line' id='line_1_22' title="bbox 167 2562 1120 2642; baseline 0.001 -15"><span class='ocrx_word' id='word_1_143' title='bbox 167 2564 344 2628; x_wconf 88' lang='lat' dir='ltr'><strong>trahentes</strong></span> <span class='ocrx_word' id='word_1_144' title='bbox 381 2564 507 2629; x_wconf 89' lang='lat' dir='ltr'><strong>ablatis</strong></span> <span class='ocrx_word' id='word_1_145' title='bbox 540 2562 794 2628; x_wconf 88' lang='lat' dir='ltr'><strong>conditionibus</strong></span> <span class='ocrx_word' id='word_1_146' title='bbox 826 2564 1026 2642; x_wconf 87' lang='lat' dir='ltr'><strong>obviabant,</strong></span> <span class='ocrx_word' id='word_1_147' title='bbox 1058 2564 1120 2628; x_wconf 93' lang='lat' dir='ltr'><strong>ha·</strong></span> 
     </span>
     <span class='ocr_line' id='line_1_23' title="bbox 167 2662 1119 2747; baseline -0.002 -18"><span class='ocrx_word' id='word_1_148' title='bbox 167 2664 240 2729; x_wconf 88' lang='lat' dir='ltr'><strong>bito</strong></span> <span class='ocrx_word' id='word_1_149' title='bbox 265 2663 421 2740; x_wconf 87' lang='lat' dir='ltr'><strong>consilio,</strong></span> <span class='ocrx_word' id='word_1_150' title='bbox 442 2671 483 2728; x_wconf 91' lang='lat' dir='ltr'><strong>ut</strong></span> <span class='ocrx_word' id='word_1_151' title='bbox 504 2664 600 2747; x_wconf 88' lang='lat' dir='ltr'><strong>prius</strong></span> <span class='ocrx_word' id='word_1_152' title='bbox 624 2663 839 2745; x_wconf 88' lang='lat' dir='ltr'><strong>inquirerent</strong></span> <span class='ocrx_word' id='word_1_153' title='bbox 861 2662 904 2727; x_wconf 90' lang='lat' dir='ltr'><strong>de</strong></span> <span class='ocrx_word' id='word_1_154' title='bbox 932 2663 1058 2727; x_wconf 89' lang='lat' dir='ltr'><strong>ablatis</strong></span> <span class='ocrx_word' id='word_1_155' title='bbox 1084 2672 1119 2728; x_wconf 91' lang='lat' dir='ltr'><strong>et</strong></span> 
     </span>
     <span class='ocr_line' id='line_1_24' title="bbox 166 2762 1119 2845; baseline -0.002 -19"><span class='ocrx_word' id='word_1_156' title='bbox 166 2763 303 2828; x_wconf 86' lang='lat' dir='ltr'><strong>damnis</strong></span> <span class='ocrx_word' id='word_1_157' title='bbox 332 2771 367 2827; x_wconf 90' lang='lat' dir='ltr'><strong>et</strong></span> <span class='ocrx_word' id='word_1_158' title='bbox 393 2782 563 2827; x_wconf 88' lang='lat' dir='ltr'><strong>summam</strong></span> <span class='ocrx_word' id='word_1_159' title='bbox 594 2762 794 2844; x_wconf 86' lang='lat' dir='ltr'><strong>diligentius</strong></span> <span class='ocrx_word' id='word_1_160' title='bbox 819 2762 894 2844; x_wconf 83' lang='lat' dir='ltr'><strong>regi</strong></span> <span class='ocrx_word' id='word_1_161' title='bbox 917 2762 1119 2845; x_wconf 87' lang='lat' dir='ltr'><strong>inquisitam</strong></span> 
     </span>
     <span class='ocr_line' id='line_1_25' title="bbox 167 2849 1117 2946; baseline -0.003 -18"><span class='ocrx_word' id='word_1_162' title='bbox 167 2863 401 2940; x_wconf 87' lang='lat' dir='ltr'><strong>ostenderent,</strong></span> <span class='ocrx_word' id='word_1_163' title='bbox 423 2871 459 2929; x_wconf 91' lang='lat' dir='ltr'><strong>et</strong></span> <span class='ocrx_word' id='word_1_164' title='bbox 483 2863 533 2927; x_wconf 85' lang='lat' dir='ltr'><strong>sic</strong></span> <span class='ocrx_word' id='word_1_165' title='bbox 559 2863 663 2927; x_wconf 90' lang='lat' dir='ltr'><strong>simul</strong></span> <span class='ocrx_word' id='word_1_166' title='bbox 686 2849 883 2944; x_wconf 81' lang='lat' dir='ltr'><strong>acciperent</strong></span> <span class='ocrx_word' id='word_1_167' title='bbox 908 2862 1000 2943; x_wconf 91' lang='lat' dir='ltr'><strong>quod</strong></span> <span class='ocrx_word' id='word_1_168' title='bbox 1022 2882 1117 2946; x_wconf 87' lang='lat' dir='ltr'><strong>quae·</strong></span> 
     </span>
     <span class='ocr_line' id='line_1_26' title="bbox 71 2948 1118 3045; baseline 0.002 -23"><span class='ocrx_word' id='word_1_169' title='bbox 71 3017 74 3022; x_wconf 90' lang='lat'>.</span> <span class='ocrx_word' id='word_1_170' title='bbox 166 2964 314 3028; x_wconf 82' lang='lat' dir='ltr'><strong>rebant·</strong></span> <span class='ocrx_word' id='word_1_171' title='bbox 355 2948 652 3045; x_wconf 71' lang='lat' dir='ltr'><strong>Audiens‘ituque</strong></span> <span class='ocrx_word' id='word_1_172' title='bbox 673 2981 737 3026; x_wconf 81' lang='lat' dir='ltr'><strong>rex</strong></span> <span class='ocrx_word' id='word_1_173' title='bbox 755 2962 955 3026; x_wconf 88' lang='lat' dir='ltr'><strong>dilationem</strong></span> <span class='ocrx_word' id='word_1_174' title='bbox 978 2962 1046 3025; x_wconf 89' lang='lat' dir='ltr'><strong>sibi</strong></span> <span class='ocrx_word' id='word_1_175' title='bbox 1066 2962 1118 3024; x_wconf 89' lang='lat' dir='ltr'><strong>di·</strong></span> 
     </span>
     <span class='ocr_line' id='line_1_27' title="bbox 165 3055 1118 3145; baseline -0.003 -18"><span class='ocrx_word' id='word_1_176' title='bbox 165 3061 291 3127; x_wconf 92' lang='lat' dir='ltr'><strong>lectam</strong></span> <span class='ocrx_word' id='word_1_177' title='bbox 319 3063 468 3145; x_wconf 87' lang='lat' dir='ltr'><strong>praebuit</strong></span> <span class='ocrx_word' id='word_1_178' title='bbox 489 3061 583 3127; x_wconf 91' lang='lat' dir='ltr'><strong>illico</strong></span> <span class='ocrx_word' id='word_1_179' title='bbox 606 3081 823 3138; x_wconf 88' lang='lat' dir='ltr'><strong>consensum,</strong></span> <span class='ocrx_word' id='word_1_180' title='bbox 847 3070 882 3126; x_wconf 90' lang='lat' dir='ltr'><strong>et</strong></span> <span class='ocrx_word' id='word_1_181' title='bbox 904 3062 953 3125; x_wconf 89' lang='lat' dir='ltr'><strong>sic</strong></span> <span class='ocrx_word' id='word_1_182' title='bbox 981 3055 1040 3125; x_wconf 92' lang='lat' dir='ltr'><strong>¹e0</strong></span> <span class='ocrx_word' id='word_1_183' title='bbox 1063 3062 1118 3125; x_wconf 92' lang='lat' dir='ltr'><strong>die</strong></span> 
     </span>
     <span class='ocr_line' id='line_1_28' title="bbox 164 3162 689 3245; baseline 0 -18"><span class='ocrx_word' id='word_1_184' title='bbox 164 3162 293 3228; x_wconf 86' lang='lat' dir='ltr'><strong>infecto</strong></span> <span class='ocrx_word' id='word_1_185' title='bbox 307 3162 447 3245; x_wconf 83' lang='lat' dir='ltr'><strong>negotio</strong></span> <span class='ocrx_word' id='word_1_186' title='bbox 463 3169 689 3227; x_wconf 87' lang='lat' dir='ltr'><strong>recesserunt.</strong></span> 
     </span>
    </p>
   </div>
   <div class='ocr_carea' id='block_1_4' title="bbox 172 3321 1119 3512">
    <p class='ocr_par' dir='ltr' id='par_1_4' title="bbox 172 3321 1119 3512">
     <span class='ocr_line' id='line_1_29' title="bbox 172 3321 1119 3411; baseline -0.005 -20"><span class='ocrx_word' id='word_1_187' title='bbox 172 3321 1119 3411; x_wconf 72' lang='lat' dir='ltr'><strong>Utrchodosoocscorollamcamrcpoisdopdiaecffliberoiae</strong></span> 
     </span>
     <span class='ocr_line' id='line_1_30' title="bbox 391 3424 883 3512; baseline -0.006 -21"><span class='ocrx_word' id='word_1_188' title='bbox 391 3427 427 3491; x_wconf 77' lang='lat' dir='ltr'><strong>ia</strong></span> <span class='ocrx_word' id='word_1_189' title='bbox 441 3447 552 3490; x_wconf 73' lang='lat' dir='ltr'><strong>meam</strong></span> <span class='ocrx_word' id='word_1_190' title='bbox 564 3425 657 3512; x_wconf 72' lang='lat' dir='ltr'><strong>lopati</strong></span> <span class='ocrx_word' id='word_1_191' title='bbox 672 3424 883 3510; x_wconf 73' lang='lat' dir='ltr'><strong>resipoccerit.</strong></span> 
     </span>
    </p>
   </div>
   <div class='ocr_carea' id='block_1_5' title="bbox 163 3549 1281 4131">
    <p class='ocr_par' dir='ltr' id='par_1_5' title="bbox 163 3549 1281 4131">
     <span class='ocr_line' id='line_1_31' title="bbox 216 3549 1281 3627; baseline -0.002 -13"><span class='ocrx_word' id='word_1_192' title='bbox 216 3549 388 3615; x_wconf 86' lang='lat' dir='ltr'><strong>Veniente</strong></span> <span class='ocrx_word' id='word_1_193' title='bbox 404 3570 486 3616; x_wconf 85' lang='lat' dir='ltr'><strong>vero</strong></span> <span class='ocrx_word' id='word_1_194' title='bbox 501 3551 556 3614; x_wconf 92' lang='lat' dir='ltr'><strong>die</strong></span> <span class='ocrx_word' id='word_1_195' title='bbox 571 3550 735 3627; x_wconf 88' lang='lat' dir='ltr'><strong>crastino,</strong></span> <span class='ocrx_word' id='word_1_196' title='bbox 748 3555 986 3614; x_wconf 83' lang='lat' dir='ltr'><strong>convenerunt</strong></span> <span class='ocrx_word' id='word_1_197' title='bbox 998 3566 1187 3613; x_wconf 64' lang='lat' dir='ltr'><strong>omnesaue</strong></span> <span class='ocrx_word' id='word_1_198' title='bbox 1199 3571 1281 3622; x_wconf 60' lang='lat' dir='ltr'><strong>ream</strong></span> 
     </span>
     <span class='ocr_line' id='line_1_32' title="bbox 165 3624 1272 3726; baseline 0.002 -14"><span class='ocrx_word' id='word_1_199' title='bbox 165 3649 292 3714; x_wconf 89' lang='lat' dir='ltr'><strong>iterum</strong></span> <span class='ocrx_word' id='word_1_200' title='bbox 307 3648 351 3714; x_wconf 91' lang='lat' dir='ltr'><strong>ad</strong></span> <span class='ocrx_word' id='word_1_201' title='bbox 365 3658 525 3715; x_wconf 91' lang='lat' dir='ltr'><strong>sanctum</strong></span> <span class='ocrx_word' id='word_1_202' title='bbox 539 3649 687 3714; x_wconf 89' lang='lat' dir='ltr'><strong>Paulum</strong></span> <span class='ocrx_word' id='word_1_203' title='bbox 705 3650 741 3712; x_wconf 90' lang='lat' dir='ltr'><strong>iu</strong></span> <span class='ocrx_word' id='word_1_204' title='bbox 756 3648 902 3712; x_wconf 86' lang='lat' dir='ltr'><strong>ecclesia</strong></span> <span class='ocrx_word' id='word_1_205' title='bbox 914 3647 1115 3726; x_wconf 86' lang='lat' dir='ltr'><strong>cathedrali,</strong></span> <span class='ocrx_word' id='word_1_206' title='bbox 1129 3624 1272 3714; x_wconf 46' lang='lat' dir='ltr'><strong>iihimw</strong></span> 
     </span>
     <span class='ocr_line' id='line_1_33' title="bbox 163 3747 1117 3833; baseline -0.003 -20"><span class='ocrx_word' id='word_1_207' title='bbox 163 3749 238 3827; x_wconf 85' lang='lat' dir='ltr'><strong>nbi,</strong></span> <span class='ocrx_word' id='word_1_208' title='bbox 252 3757 333 3833; x_wconf 90' lang='lat' dir='ltr'><strong>post</strong></span> <span class='ocrx_word' id='word_1_209' title='bbox 348 3751 477 3814; x_wconf 91' lang='lat' dir='ltr'><strong>multos</strong></span> <span class='ocrx_word' id='word_1_210' title='bbox 493 3758 528 3815; x_wconf 90' lang='lat' dir='ltr'><strong>et</strong></span> <span class='ocrx_word' id='word_1_211' title='bbox 539 3750 652 3814; x_wconf 91' lang='lat' dir='ltr'><strong>varios</strong></span> <span class='ocrx_word' id='word_1_212' title='bbox 664 3749 707 3812; x_wconf 93' lang='lat' dir='ltr'><strong>de</strong></span> <span class='ocrx_word' id='word_1_213' title='bbox 717 3747 891 3813; x_wconf 89' lang='lat' dir='ltr'><strong>interdicti</strong></span> <span class='ocrx_word' id='word_1_214' title='bbox 902 3747 1117 3813; x_wconf 84' lang='lat' dir='ltr'><strong>relaxatione</strong></span> 
     </span>
     <span class='ocr_line' id='line_1_34' title="bbox 164 3847 1116 3932; baseline -0.003 -20"><span class='ocrx_word' id='word_1_215' title='bbox 164 3855 349 3928; x_wconf 90' lang='lat' dir='ltr'><strong>tractatus,</strong></span> <span class='ocrx_word' id='word_1_216' title='bbox 375 3857 457 3914; x_wconf 88' lang='lat' dir='ltr'><strong>ante</strong></span> <span class='ocrx_word' id='word_1_217' title='bbox 479 3849 593 3932; x_wconf 90' lang='lat' dir='ltr'><strong>majus</strong></span> <span class='ocrx_word' id='word_1_218' title='bbox 617 3848 728 3912; x_wconf 90' lang='lat' dir='ltr'><strong>altare</strong></span> <span class='ocrx_word' id='word_1_219' title='bbox 750 3867 866 3912; x_wconf 92' lang='lat' dir='ltr'><strong>coram</strong></span> <span class='ocrx_word' id='word_1_220' title='bbox 886 3847 978 3912; x_wconf 90' lang='lat' dir='ltr'><strong>clero</strong></span> <span class='ocrx_word' id='word_1_221' title='bbox 998 3855 1033 3911; x_wconf 91' lang='lat' dir='ltr'><strong>et</strong></span> <span class='ocrx_word' id='word_1_222' title='bbox 1053 3866 1116 3930; x_wconf 92' lang='lat' dir='ltr'><strong>po·</strong></span> 
     </span>
     <span class='ocr_line' id='line_1_35' title="bbox 163 3945 1115 4032; baseline -0.004 -20"><span class='ocrx_word' id='word_1_223' title='bbox 163 3947 248 4032; x_wconf 89' lang='lat' dir='ltr'><strong>pulo</strong></span> <span class='ocrx_word' id='word_1_224' title='bbox 268 3957 393 4014; x_wconf 83' lang='lat' dir='ltr'><strong>exacta</strong></span> <span class='ocrx_word' id='word_1_225' title='bbox 412 3955 467 4012; x_wconf 87' lang='lat' dir='ltr'><strong>est</strong></span> <span class='ocrx_word' id='word_1_226' title='bbox 486 3969 508 4013; x_wconf 91' lang='lat' dir='ltr'><strong>a</strong></span> <span class='ocrx_word' id='word_1_227' title='bbox 529 3967 610 4030; x_wconf 85' lang='lat' dir='ltr'><strong>rege</strong></span> <span class='ocrx_word' id='word_1_228' title='bbox 631 3956 666 4012; x_wconf 94' lang='lat' dir='ltr'><strong>et</strong></span> <span class='ocrx_word' id='word_1_229' title='bbox 683 3947 850 4012; x_wconf 87' lang='lat' dir='ltr'><strong>innovata</strong></span> <span class='ocrx_word' id='word_1_230' title='bbox 870 3946 931 4011; x_wconf 87' lang='lat' dir='ltr'><strong>illa</strong></span> <span class='ocrx_word' id='word_1_231' title='bbox 954 3966 1024 4010; x_wconf 93' lang='lat' dir='ltr'><strong>uon</strong></span> <span class='ocrx_word' id='word_1_232' title='bbox 1045 3945 1115 4010; x_wconf 89' lang='lat' dir='ltr'><strong>for-</strong></span> 
     </span>
     <span class='ocr_line' id='line_1_36' title="bbox 164 4044 1114 4131; baseline -0.003 -21"><span class='ocrx_word' id='word_1_233' title='bbox 164 4067 262 4112; x_wconf 88' lang='lat' dir='ltr'><strong>mosa</strong></span> <span class='ocrx_word' id='word_1_234' title='bbox 282 4048 343 4113; x_wconf 88' lang='lat' dir='ltr'><strong>sed</strong></span> <span class='ocrx_word' id='word_1_235' title='bbox 367 4050 501 4113; x_wconf 81' lang='lat' dir='ltr'><strong>famosa</strong></span> <span class='ocrx_word' id='word_1_236' title='bbox 526 4047 709 4131; x_wconf 86' lang='lat' dir='ltr'><strong>subjectio,</strong></span> <span class='ocrx_word' id='word_1_237' title='bbox 731 4066 812 4131; x_wconf 87' lang='lat' dir='ltr'><strong>qua,</strong></span> <span class='ocrx_word' id='word_1_238' title='bbox 835 4047 872 4109; x_wconf 92' lang='lat' dir='ltr'><strong>in</strong></span> <span class='ocrx_word' id='word_1_239' title='bbox 893 4065 1032 4110; x_wconf 86' lang='lat' dir='ltr'><strong>manum</strong></span> <span class='ocrx_word' id='word_1_240' title='bbox 1053 4044 1114 4108; x_wconf 91' lang='lat' dir='ltr'><strong>do·</strong></span> 
     </span>
    </p>
   </div>
   <div class='ocr_carea' id='block_1_6' title="bbox 465 4196 1013 4315">
    <p class='ocr_par' dir='ltr' id='par_1_6' title="bbox 465 4196 1013 4315">
     <span class='ocr_line' id='line_1_37' title="bbox 465 4196 1013 4315; baseline -0.002 -68"><span class='ocrx_word' id='word_1_241' title='bbox 465 4196 519 4247; x_wconf 83' lang='lat' dir='ltr'><strong>¹Eo</strong></span> <span class='ocrx_word' id='word_1_242' title='bbox 530 4198 592 4261; x_wconf 79' lang='lat' dir='ltr'><strong>dia]</strong></span> <span class='ocrx_word' id='word_1_243' title='bbox 608 4197 765 4260; x_wconf 80' lang='lat' dir='ltr'><strong>‘Quotidie‚&#39;</strong></span> <span class='ocrx_word' id='word_1_244' title='bbox 778 4198 808 4248; x_wconf 86' lang='lat' dir='ltr'><strong>C.</strong></span> <span class='ocrx_word' id='word_1_245' title='bbox 998 4271 1013 4315; x_wconf 62' lang='lat'>2</span> 
     </span>
     <span class='ocr_line' id='line_1_38' title="bbox 965 4280 980 4314; baseline 0 0"><span class='ocrx_word' id='word_1_246' title='bbox 965 4280 980 4314; x_wconf 86' lang='lat' dir='ltr'><strong>r</strong></span> 
     </span>
    </p>
   </div>
   <div class='ocr_carea' id='block_1_7' title="bbox 0 0 1434 4876">
    <p class='ocr_par' dir='ltr' id='par_1_7' title="bbox 0 0 1434 4876">
     <span class='ocr_line' id='line_1_39' title="bbox 0 0 1434 4876; baseline 0 2"><span class='ocrx_word' id='word_1_247' title='bbox 0 0 1434 4876; x_wconf 95' lang='lat' dir='ltr'><strong> </strong></span> 
     </span>
    </p>
   </div>
  </div>
 </body>
</html>
