2858 4876
354 390 420 454 356
606 403 739 450 nocam
763 405 810 451 nn
834 405 1041 454 wnunovna

193 579 316 620 ati-12¹⁶·
356 584 431 627 rum
454 562 755 627 manifestissimus
777 563 913 626 exstitit
938 569 1149 645 persecutor,
1166 581 1307 627 excom·

356 665 566 728 manicatum
604 663 740 746 publice
770 662 991 735 denuntietis,
1023 682 1064 727 ac
1098 682 1305 745 suspensum

357 763 510 847 graviori
538 764 641 827 etiam
668 782 784 845 poena,
814 763 880 825 nisi
911 783 1063 844 congrue
1087 762 1307 839 satisfecerit,

357 862 578 947 puniendum.
618 861 720 940 Quod
736 863 850 925 sinon
865 881 996 939 omnes,
1012 870 1048 927 et
1057 870 1195 927 caetera.
1234 864 1309 927 Da-

358 972 433 1029 tum
451 961 615 1026 Laterani
637 962 769 1026 decimo
792 963 938 1044 septimo
955 961 1123 1026 kalendas
1135 963 1158 1027 J
1161 965 1308 1041 aunarii,

359 1063 579 1145 pontificatus
595 1063 705 1126 nostri
719 1081 810 1125 anno
823 1061 957 1126 decimo
973 1063 1121 1127 octavo!

539 1238 589 1301 Dc
605 1237 787 1300 matutinae
801 1236 950 1300 sententia
956 1235 1127 1321 predicta.

199 1375 349 1415 mamona
412 1363 569 1443 Cumque
597 1361 733 1445 judices
767 1361 923 1444 praedicti
951 1361 1069 1424 literas
1100 1368 1309 1424 memoratas

198 1426 350 1515 {iffi-¹⁰⁸⁸
362 1463 587 1545 accepissent,
613 1461 825 1543 scripserunt
846 1461 1003 1524 omnibus
1026 1459 1164 1541 Angliae
1198 1462 1309 1525 eccle-

362 1563 422 1626 siis
448 1561 703 1624 cathedralibus
738 1561 811 1624 sive
839 1560 1124 1624 conventualibus
1155 1562 1220 1623 snb
1244 1559 1310 1625 hac

362 1662 491 1740 sorma3
510 1655 536 1694 ¹‘
549 1660 774 1724 Innocentius
789 1661 982 1741 episcopuS,
1001 1668 1036 1723 et
1047 1667 1184 1723 caetera.
1231 1660 1312 1724 Hu-

357 1762 418 1845 jus
450 1761 558 1842 igitur
590 1761 798 1823 auctoritate
836 1759 988 1822 mandati
1021 1760 1121 1823 vobis
1155 1759 1311 1825 districte

363 1860 593 1942 praecipiendo
624 1859 840 1935 mandamus,
864 1867 1036 1941 quatenus
1067 1859 1213 1923 barones
1235 1859 1312 1924 An·

363 1961 456 2042 gliae,
495 1980 573 2024 cum
609 1960 767 2023 omnibus
804 1959 1020 2043 adjutoribus
1054 1965 1089 2021 et
1119 1958 1314 2024 fautoribus

364 2061 448 2136 suis,
463 2060 523 2141 qni
539 2059 713 2122 dominum
732 2058 755 2122 J
758 2059 927 2123 ohannem
945 2079 1062 2141 regem
1079 2057 1217 2140 Angliae
1235 2080 1313 2141 per-

365 2166 569 2242 sequuntur,
596 2166 630 2222 et
654 2178 773 2222 omnes
800 2159 892 2235 illos,
916 2160 976 2241 qui
994 2158 1046 2223 ad
1073 2159 1312 2240 occupandum

365 2260 421 2324 vel
437 2257 669 2322 invadendum
686 2278 830 2340 regnum
845 2259 971 2340 ipsum,
989 2259 1044 2322 vel
1059 2258 1313 2340 impediendum

365 2367 486 2422 euntes
508 2359 544 2421 in
568 2358 720 2441 ejusdem
750 2359 841 2439 regis
864 2377 1075 2435 succursum,
1098 2377 1238 2440 operam
1256 2360 1313 2423 vel

364 2479 463 2540 opem
485 2458 737 2541 impenderunt,
753 2459 1069 2522 excommunicatos
1092 2458 1315 2537 denuntietis,

365 2565 399 2625 et
419 2566 530 2622 terras
552 2558 737 2621 eorundem
761 2559 926 2622 baronum
950 2557 1184 2622 ecclesiastico
1207 2559 1314 2623 inter-

365 2658 457 2722 dicto
489 2659 688 2740 suppositas
714 2658 904 2740 publicetis.
960 2658 1182 2721 Denuntietis
1208 2659 1314 2722 etiam

365 2758 680 2822 excommunicatos
696 2777 814 2821 omnes
830 2759 990 2836 barones,
1007 2758 1067 2840 qui
1083 2757 1119 2820 in
1134 2759 1315 2839 praemisso

365 2858 493 2921 domini
516 2876 616 2940 papae
640 2857 806 2939 rescripto
832 2858 1059 2939 personaliter
1082 2858 1315 2935 nominantur,

366 2977 444 3020 cum
466 2958 543 3021 aliis
562 2958 719 3020 omnibus
742 2958 777 3020 in
797 2957 1039 3039 praedictorum
1055 2956 1213 3041 judicum
1236 2977 1315 3021 sen·

366 3057 476 3121 tentia
510 3057 711 3138 nominatim
744 3058 930 3138 expressiS,
972 3056 1144 3134 videlicet,
1178 3056 1314 3122 Walte-

366 3175 441 3218 rum
465 3155 507 3219 de
531 3155 705 3234 Nortuna,
725 3154 909 3220 Osbertum
932 3154 1176 3232 filium-Alani,
1195 3155 1314 3221 Olive-

365 3256 453 3319 rium
475 3255 518 3319 de
540 3254 713 3333 vallibus,
738 3256 787 3320 H.
810 3255 853 3319 de
876 3254 1080 3332 Braibrock,
1105 3256 1151 3320 R.
1174 3256 1217 3320 de
1240 3256 1315 3320 Ro·

366 3355 454 3436 pele,
470 3355 527 3419 W.
551 3354 594 3418 de
619 3354 821 3437 Hobregge,
839 3354 895 3420 W.
913 3355 956 3419 de
979 3354 1153 3432 Mauduit,
1181 3355 1315 3420 Mauri-

366 3454 452 3517 tium
476 3453 518 3517 de
551 3453 659 3531 Gant,
683 3455 729 3519 R.
760 3455 802 3518 de
832 3453 1129 3532 Berkele,.Adam
1155 3454 1197 3518 de
1229 3454 1313 3518 Lin-

366 3553 490 3630 colnia,
507 3553 554 3618 R.
571 3554 614 3618 de
631 3554 858 3631 Mandavilla,
876 3555 936 3619 W.
954 3554 997 3618 de
1015 3553 1216 3631 Lanvaleie,
1233 3554 1317 3619 Phi·

364 3652 497 3734 lippum
514 3653 822 3731 filium-Iohannis
837 3653 1051 3719 Willelmum
1068 3654 1109 3717 de
1124 3654 1316 3732 Tuintune,

283 3807 287 3815 .
365 3751 424 3815 W.
448 3752 490 3814 de
514 3751 758 3834 Huntingfeld,
782 3751 1022 3817 Alexandrum
1049 3753 1092 3817 de
1125 3752 1316 3843 l’uintuna,

367 3849 412 3919 R.
430 3851 472 3914 de
496 3851 700 3928 Munfichet,
724 3852 770 3916 R.
790 3853 832 3916 de
855 3852 1002 3928 Greslei,
1021 3851 1215 3916 Galsridum
1233 3873 1316 3917 oon-

365 3951 592 4014 stabularium
610 3951 653 4015 de
676 3952 881 4031 Meantuna,
899 3951 957 4017 W.
976 3951 1254 4016 archidiaconum
1274 3955 1316 4018 de

477 4125 484 4158 ¹
498 4128 675 4191 Innocentius]
694 4130 797 4192 Rymer,
808 4130 871 4179 from
883 4131 948 4182 Mat.
962 4131 1037 4180 Paris
1048 4144 1056 4192 3
1074 4132 1092 4180 i.
1104 4147 1131 4194 p.
1144 4133 1205 4182 1³9ss
