2858 4876
313 382 379 460 336
571 411 705 458 nocnar
730 408 776 457 un
800 409 1007 479 wannovna

153 603 209 641 nn.
219 602 275 640 121⁵.
315 573 436 636 beneio
464 577 499 634 et
523 570 609 634 alios
641 571 825 635 nobiliores
853 570 948 633 misit
971 568 1015 632 ad
1044 576 1196 632 castrum
1224 569 1268 633 de

152 652 302 742 Infirma.
316 670 403 735 Corf
419 672 483 734 sub
504 679 601 734 arcta
624 670 782 735 custodia
807 669 1046 752 deputandos3
1071 668 1266 732 Robertum

315 790 398 836 vero
430 771 472 834 dc
505 769 670 834 Chaurna
706 778 741 836 et
773 769 986 833 Richardum
1021 767 1156 831 Giffard
1186 789 1267 832 cum

316 870 451 934 Thoma
473 869 515 933 de
537 869 718 934 Lincolnia
742 869 833 952 apud
856 874 1007 932 castrum
1024 868 1067 932 de
1091 866 1268 949 Nothing·

316 969 407 1046 ham,
426 970 581 1051 aliosque
595 990 657 1051 per
671 970 748 1033 loca
764 969 901 1032 diversa
918 968 1082 1031 carcerali
1099 968 1267 1032 custodiae

316 1069 562 1151 mancipandos
597 1069 735 1132 direxit.
789 1067 983 1133 Servientes
1016 1087 1098 1131 vero
1135 1086 1268 1145 omnes,

316 1175 442 1250 praeter
467 1168 676 1246 balistarios
702 1168 931 1232 servientibus
954 1167 997 1230 de
1021 1168 1176 1230 exercitu
1200 1186 1266 1230 suo

317 1269 361 1330 ad
383 1268 617 1331 redimendum
640 1269 830 1345 concessit3
857 1267 1025 1349 quosdam
1046 1286 1184 1349 quoquc
1206 1267 1266 1330 ba-

316 1367 478 1444 listarios,
495 1367 554 1449 qui
574 1367 701 1430 multos
723 1368 758 1430 in
781 1366 960 1430 obsidione
984 1366 1110 1430 milites
1135 1373 1170 1429 et
1195 1385 1266 1429 scr-

316 1467 449 1530 vientes
474 1465 728 1543 interfecerant,
758 1466 915 1549 patibulo
945 1465 1109 1548 suspendi
1134 1485 1265 1546 praece·

317 1566 379 1647 pit.
425 1565 495 1628 His
514 1565 565 1630 ita
585 1567 705 1646 gestie,
723 1586 804 1649 pars
825 1568 993 1629 baronum
1016 1586 1085 1630 non
1106 1573 1182 1629 crat
1198 1585 1268 1629 me-

316 1664 478 1729 diocriter
493 1664 679 1730 infirmata.

372 1841 421 1903 Dc
435 1841 740 1904 mcommunimtiorw
751 1839 901 1904 baronum
915 1839 1040 1924 nuqua
1053 1840 1088 1903 in
1100 1861 1206 1924 ponere

733 1942 841 2025 factu.

155 2068 285 2157 ffi‘ffi
394 2064 524 2128 Eodem
559 2073 713 2146 tempore
753 2083 845 2146 papa
883 2063 1108 2127 Innocentius
1144 2063 1266 2127 videns

154 2168 282 2208 rhemon.
317 2164 485 2227 baronum
510 2164 650 2245 Angliae
679 2163 913 2240 rebellionem,
939 2162 1031 2244 quod
1059 2161 1219 2226 videlicet
1247 2181 1268 2225 a

318 2265 557 2344 persecutione
581 2263 673 2344 regis
698 2263 864 2326 desistere
886 2269 1181 2346 contempserunt,
1204 2282 1267 2325 cx-

318 2363 584 2427 communicavit
607 2363 757 2439 eosdem,
781 2371 886 2444 atque
911 2362 1092 2434 sententiae
1121 2381 1267 2425 exsecu-

319 2462 446 2526 tionem
467 2464 629 2547 episcopo
643 2463 889 2538 Wintoniensi,
908 2462 1026 2525 abbati
1049 2462 1091 2524 de
1108 2462 1267 2543 Redinge

319 2570 355 2625 ct
370 2562 589 2645 Pandulpho,
606 2563 761 2627 ecclesiae
776 2562 944 2625 Romanae
962 2562 1185 2638 subdiacono,
1203 2563 1267 2625 sub

319 2661 384 2724 hac
400 2663 510 2725 forma
527 2663 712 2738 commisit;
737 2656 763 2696 ¹‘
779 2662 1003 2725 Innocentius
1021 2662 1215 2745 episcopus,
1232 2670 1268 2725 et

319 2768 456 2837 caetera,
480 2760 522 2826 P.
540 2763 776 2826 Wintoniensi
797 2762 971 2843 episcopo,
995 2761 1113 2824 abbati
1131 2761 1174 2824 de
1195 2761 1267 2824 Re-

318 2859 421 2939 dinge
442 2867 478 2923 et
497 2862 663 2942 magistro
680 2861 898 2942 Pandulpho,
923 2861 1076 2924 ecclesiae
1095 2860 1266 2924 Romanae

318 2958 540 3037 subdiacono,
567 2961 714 3024 salutem
742 2968 777 3023 et
797 2960 1023 3041 apostolicam
1054 2960 1266 3024 benedictio-

318 3078 405 3121 nem.
459 3060 630 3124 Miramur
662 3060 848 3143 plurimum
876 3067 911 3122 et
940 3079 1128 3136 movemur,
1161 3062 1266 3141 quod,

318 3178 395 3221 cum
425 3161 623 3223 carissimus
646 3161 682 3222 in
709 3159 848 3223 Christo
874 3159 966 3222 filius
994 3165 1113 3222 noster
1131 3159 1155 3222 J
1159 3159 1266 3224 ohan-

318 3278 392 3334 neS,
412 3259 556 3323 illustris
576 3279 638 3322 rex
656 3259 807 3342 Angliae,
827 3278 934 3341 supra
950 3278 1045 3341 spem
1062 3259 1214 3323 Domino
1231 3268 1266 3324 et

318 3358 472 3422 ecclesiae
507 3359 724 3436 satisfecerit,
757 3366 792 3422 et
812 3359 1004 3439 praesertim
1024 3358 1124 3421 fratri
1146 3367 1265 3422 nostro

319 3454 560 3521 Cantuaricnsi
604 3458 861 3541 archiepiscopo
902 3465 937 3522 et
970 3458 1141 3541 episcopis
1174 3457 1266 3542 'ejus
1367 3484 1371 3492 ·

318 3557 457 3637 quidam
475 3578 605 3635 eorum,
625 3559 738 3621 minus
756 3576 860 3639 quam
881 3558 1073 3639 oportuerit
1089 3565 1124 3621 et
1142 3558 1266 3622 decue·

317 3656 375 3733 rit,
393 3656 436 3719 ad
461 3665 592 3720 sanctae
611 3658 722 3721 crucis
746 3658 934 3738 negotium,
951 3656 1151 3739 apostolicae
1175 3658 1266 3721 sedis

317 3755 519 3819 mandatum
558 3764 593 3820 et
615 3757 792 3820 fidelitatis
823 3758 990 3839 praestitae
1016 3756 1265 3840 juramentum,

317 3855 481 3932 debitum,
514 3857 584 3919 imo
617 3857 760 3934 nullum,
793 3856 960 3921 habentes
994 3864 1200 3939 respectum,
1236 3858 1267 3922 ei

316 3962 438 4018 contra
466 3957 724 4037 perturbatores
752 3957 862 4037 regni,
886 3957 978 4039 quod
1002 3957 1045 4018 ad
1070 3956 1266 4021 Romanam

315 4054 494 4119 ecclesiam
528 4055 662 4119 ratione
687 4055 829 4119 dominii
861 4056 1032 4138 pertinere
1062 4057 1266 4135 dinoscitur,

560 4232 568 4264 ¹
581 4229 758 4302 Innocentius]
776 4235 880 4297 Rymer,
891 4235 909 4282 i.
922 4250 949 4295 p.
961 4238 1017 4283 las.
