2858 4876
420 399 561 448 rconss
584 399 857 450 nrsronrnnuu.
1044 387 1110 452 223

206 606 249 672 Ut
264 630 320 674 rac
334 607 490 674 lohannes
504 608 538 674 ob
556 631 683 675 caccum
698 610 857 675 interdicti
874 610 977 675 omnio
994 609 1072 676 bonu

389 710 568 775 ramnum
575 711 691 796 fhccrit
705 711 877 794 confiscari.

220 832 301 898 Rex
329 833 438 917 igitur
464 833 659 916 Anglorum
690 836 734 899 ob
766 854 906 899 causam
937 834 1111 900 interdicti
1123 849 1178 939 ῥυ.
1189 850 1257 938 1²⁰⁸·r

163 941 278 998 mente
302 935 402 997 nimis
424 934 588 999 contusus
611 935 705 999 misit
727 936 946 999 vicecomites
972 956 1053 1000 suos
1076 945 1111 1002 et
1123 906 1248 1041 &iffi

163 1032 250 1097 alios
265 1034 459 1118 iniquitatis
476 1035 652 1099 ministros
667 1034 703 1097 in
725 1053 844 1098 omnes
859 1035 946 1099 fines
958 1033 1111 1119 Angliae,
1122 1012 1162 1041 ⁰⁰¹¹
1213 1008 1222 1040 ι
1250 1026 1255 1039 ’

165 1132 369 1218 praecipiens
397 1142 468 1199 tam
498 1134 653 1217 praelatis
682 1135 829 1216 singulis
858 1155 963 1218 quam
992 1156 1110 1201 eorum

165 1233 330 1319 subjectis
352 1254 429 1298 cum
454 1235 719 1299 comminatione
746 1235 906 1312 terrifica,
929 1243 968 1300 ut
993 1237 1112 1301 incon-

166 1333 316 1399 tinenter
345 1354 367 1398 a
396 1353 503 1416 regno
533 1335 669 1398 exirent
698 1342 734 1399 et
757 1353 861 1417 super
888 1335 954 1399 hac
983 1336 1112 1419 injuria

166 1441 325 1517 peterent
343 1435 409 1499 sibi
427 1454 449 1498 a
470 1453 563 1517 papa
578 1433 752 1517 justitiam
773 1434 953 1514 exhiberi;
977 1437 1110 1519 episco-

165 1543 269 1617 patus
295 1535 448 1619 insuper,
471 1535 641 1612 abbatias,
667 1535 840 1617 prioratus
860 1536 925 1598 sub
944 1535 1111 1600 laicorum

164 1635 323 1700 custodia
352 1633 523 1719 deputans
551 1635 731 1699 universos
757 1635 911 1699 redditus
933 1636 1113 1701 ecclesias-

167 1736 254 1800 ticos
278 1735 459 1808 confiscari
482 1735 659 1818 praecepit,
682 1734 742 1798 sed
766 1735 802 1798 in
830 1735 896 1799 hoc
925 1736 991 1799 sibi
1011 1745 1112 1801 caute

165 1835 423 1926 prospiciebant
451 1834 588 1918 praelati
617 1835 825 1916 generaliter
855 1855 973 1899 omnes
1006 1838 1113 1900 totius

166 1931 274 2018 regni,
293 1936 385 2018 quod
403 1934 445 1999 de
467 1936 685 1999 monasteriis
707 1935 779 1999 suis
801 1935 896 2001 exire
918 1935 1113 2014 noluerunt,

166 2036 233 2099 nisi
262 2055 324 2118 per
344 2034 543 2100 violentiam
569 2035 846 2117 expellerentur3
876 2035 1069 2118 quodcum
1092 2056 1114 2100 a

164 2135 269 2218 regiis
283 2135 448 2199 ministris
463 2134 585 2199 suisset
600 2143 825 2217 compertum,
848 2135 1034 2199 noluerunt
1049 2136 1114 2200 ali·
1209 2136 1222 2160 ⁸

168 2235 223 2300 cui
247 2236 403 2318 ingerere
422 2235 635 2325 violentiam,
658 2235 749 2299 sicut
774 2255 837 2299 nec
868 2254 890 2299 a
912 2255 994 2317 rege
1022 2255 1113 2318 prae·

167 2342 303 2419 ceptum
343 2334 549 2413 habuerunt,
585 2334 646 2399 sed
674 2336 766 2399 bona
792 2354 910 2399 eorum
938 2337 1054 2400 omnia
1077 2336 1113 2399 in
1152 2416 1155 2422 Ι

168 2455 251 2517 usus
276 2435 368 2517 rogis
393 2442 635 2500 convertentes
661 2435 791 2499 victum
816 2434 866 2497 eis
890 2441 925 2498 et
949 2435 1114 2499 vestitum

165 2528 284 2620 parce¹
310 2554 355 2599 ex
377 2534 480 2601 rebus
506 2534 654 2619 propriis
671 2535 924 2598 ministrabant.
977 2534 1116 2600 Horrea

167 2635 381 2713 clericorum,
407 2654 489 2717 rege
505 2634 663 2719 jubente,
685 2636 846 2698 obserata
877 2641 960 2698 sunt
987 2636 1115 2718 ubique

168 2734 264 2823 etad
281 2736 496 2800 commodum
520 2735 594 2798 fisci
619 2734 806 2814 distracta3
835 2736 1116 2819 presbyterorum

170 2835 418 2901 etclericorum
438 2835 578 2899 focariae
600 2854 662 2918 per
685 2841 794 2899 totam
822 2833 985 2917 Angliam
1008 2855 1030 2898 a
1051 2837 1115 2899 mi·

170 2936 289 3026 nistris
311 2935 403 3017 regis
426 2942 538 3018 captae
563 2943 645 2999 sunt
671 2942 706 2998 et
729 2935 883 3016 graviter
908 2935 951 2998 ad
975 2954 1013 2998 se
1042 2935 1116 3000 red-

168 3035 341 3118 imendum
368 3035 574 3119 compulsae;
601 3028 685 3099 ²viri
708 3035 861 3116 religiosi
883 3035 957 3100 sive
976 3035 1117 3118 quicun-

169 3156 236 3225 que
253 3135 416 3214 ordinati,
432 3136 491 3218 qui
508 3136 711 3199 itinerantes
737 3135 863 3217 reperti
886 3142 969 3199 sunt
990 3134 1025 3197 in
1046 3136 1119 3212 via,

169 3238 214 3301 ab
239 3236 338 3319 equis
365 3236 437 3300 suis
465 3235 747 3319 projiciebantur,
771 3233 1009 3316 spoliabantur
1035 3242 1118 3298 eta

168 3335 375 3401 satellitibus
401 3335 494 3417 regis
516 3335 664 3417 turpiter
683 3334 932 3411 tractabantur,
964 3354 1025 3398 nec
1051 3334 1119 3417 fuit
1131 3368 1139 3385 ·

168 3437 230 3521 qui
254 3436 304 3499 eis
325 3434 500 3520 justitiam
525 3434 723 3498 exhiberet.
767 3433 948 3498 Venerunt
968 3454 1011 3498 ea
1030 3441 1121 3498 tem·-

169 3541 304 3627 pestate
335 3535 372 3598 in
399 3534 549 3599 confinio
581 3533 721 3598 Walliae
750 3534 793 3596 ad
824 3553 940 3615 regem
970 3533 1121 3619 ministri

169 3635 350 3720 cujusdam
368 3634 580 3700 vicecomitis
604 3634 769 3698 ducentes
786 3634 982 3715 praedonem
998 3653 1118 3709 uuum,

206 3793 301 3846 'Parce
311 3808 344 3846 ec
353 3794 426 3844 rebus
433 3785 564 3861 propr-iia]
581 3793 631 3842 Dr.
656 3792 713 3841 four
723 3805 807 3840 eworn
823 3805 880 3839 men
891 3791 920 3840 of
930 3792 972 3841 the
982 3792 1068 3853 parlsh
1080 3792 1120 3842 ior

169 3867 292 3930 Lingard,
309 3865 374 3915 irom
390 3864 434 3914 the
455 3864 531 3915 Cluso
550 3863 632 3924 Rolls,
656 3877 673 3911 a
684 3861 948 3923 secularclergyman,
958 3877 985 3923 p.
997 3867 1038 3912 22.
1071 3864 1119 3913 See

168 3939 216 3988 hnc
231 3938 306 4001 given
315 3936 387 3985 what
396 3949 451 3984 was
467 3935 509 3983 the
523 3933 633 3982 ‘ration
657 3932 709 3981 Mr.
719 3926 832 3993 Hardy’e
843 3932 939 3980 edition
949 3931 978 3981 of
988 3932 1031 3981 the
1043 3932 1120 3983 Cluso

169 4008 238 4060 susse
257 4000 427 4057 estuverium’
445 4004 563 4065 allowed,
580 4009 632 4052 two
657 4003 739 4062 Rolls,
748 4016 775 4063 p.
789 4006 846 4050 loo.

169 4075 391 4141 dichesaduy(ad
399 4070 634 4138 prandiumpame·
692 4070 703 4099 ²
713 4073 769 4121 Viri
780 4071 922 4135 religiosi]
942 4071 1066 4133 Compare
1077 4071 1121 4121 the

169 4151 197 4213 ly
212 4148 253 4198 for
269 4162 286 4196 n
301 4145 388 4208 monle,
403 4145 454 4194 and
471 4158 500 4194 as
512 4143 587 4193 much
604 4157 633 4192 us
658 4142 909 4191 writsissuedtothe
921 4142 1030 4203 aberitis,
1041 4142 1066 4189 in
1077 4142 1121 4191 the

171 4218 264 4271 morlo
279 4218 312 4268 be
329 4215 431 4279 judged
450 4229 584 4276 necessary
599 4214 634 4275 by
659 4212 733 4263 close
745 4213 826 4276 Rolls,
837 4227 880 4275 pp.
894 4216 950 4273 10⁷,
960 4227 1024 4275 seqq.
