2858 4876
313 393 379 457 310
571 405 706 453 noennr
731 405 777 452 nn
799 402 1008 452 wnunovur

152 585 208 623 nn.
220 583 275 622 1216.
315 561 396 637 rint,
423 561 513 625 sicut
536 560 661 624 habere
687 561 813 626 debent
837 566 873 623 et
898 559 989 623 sicut
1014 575 1121 639 supra
1148 556 1266 620 decla·

154 635 234 681 Magna

154 685 238 722 Charta.

317 668 429 724 ratum
453 666 516 723 est.
580 658 709 722 Nullus
741 660 899 742 capiatur
926 656 983 723 vel
1011 657 1266 737 imprisonetnr‚

317 766 459 841 propter
484 758 750 839 appellationem
780 758 944 832 foeminae,
966 756 1010 819 de
1037 760 1148 819 morte
1178 755 1268 816 alte·

317 858 389 921 rins
411 876 515 939 quam
538 857 602 919 viri
626 857 692 920 sui.
745 856 874 919 Nullus
898 854 1083 918 comitatus
1106 858 1268 917 teneatur

318 956 360 1019 de
388 963 526 1032 caetero,
555 956 622 1018 nisi
648 955 691 1018 de
720 975 836 1018 menso
865 955 902 1017 in
927 972 1104 1030 mensem3
1136 958 1184 1028 et,
1206 951 1267 1014 ubi

318 1054 430 1137 major
453 1053 620 1116 terminus
651 1073 726 1117 esse
764 1054 910 1130 solebat,
944 1052 1055 1135 major
1090 1051 1163 1130 sit;
1202 1069 1266 1114 nec

318 1153 510 1216 vicecomes
541 1153 666 1234 aliquis
691 1154 746 1215 vel
775 1152 925 1216 ballivus
955 1170 1039 1214 suus
1065 1149 1172 1213 faciat
1194 1156 1266 1212 ter·

319 1251 448 1313 minum
473 1271 573 1314 suum
601 1271 663 1332 per
689 1251 914 1326 hundredum,
938 1250 1004 1312 nisi
1030 1248 1084 1311 his
1110 1248 1146 1310 in
1173 1266 1265 1310 anno

319 1356 354 1410 et
374 1349 510 1412 nonnisi
536 1349 571 1412 in
592 1349 668 1412 loco
695 1349 811 1412 debito
835 1357 871 1413 et
891 1355 1069 1423 consueto,
1093 1345 1265 1422 videlicet,

319 1447 424 1511 semel
449 1454 528 1529 post
545 1446 694 1522 Pascha,
715 1455 750 1511 et
766 1448 891 1510 iterum
911 1453 991 1527 post
1006 1445 1131 1509 festum
1152 1445 1264 1507 sancti

319 1544 513 1608 Michaelis.
566 1545 612 1608 Et
634 1545 731 1610 visus
759 1546 917 1608 similiter
943 1545 985 1607 de
1007 1543 1125 1606 franco
1148 1543 1264 1624 plegio

318 1650 401 1706 tunc
417 1642 537 1706 fiatad
554 1644 650 1706 illum
665 1645 848 1707 terminum
865 1643 977 1707 sancti
995 1641 1177 1705 Michaelis
1190 1642 1265 1704 sine

318 1741 510 1817 occasione,
527 1743 578 1804 ita
599 1742 731 1806 scilicet
751 1743 842 1824 quod
862 1742 1006 1824 quilibet
1023 1759 1105 1803 suas
1122 1739 1264 1803 liberta-

319 1847 371 1903 tes
390 1841 528 1917 habeat,
546 1859 633 1922 quas
651 1841 773 1905 habuit
789 1849 825 1905 et
838 1841 965 1904 habere
983 1839 1163 1903 consuevit
1177 1846 1264 1902 tem·

316 1958 400 2019 pore
429 1939 575 2002 Henrici
602 1941 693 2021 regis
720 1941 777 2004 avi
795 1940 926 2017 nostri,
947 1938 1003 2003 vel
1029 1956 1116 2019 quas
1141 1944 1264 2019 postea

316 2037 529 2118 adquisivit3
567 2037 630 2101 fiat
658 2044 774 2101 autem
803 2040 899 2103 visus
928 2039 971 2101 de
998 2036 1117 2099 franco
1147 2036 1264 2118 plegio

317 2136 378 2211 sic,
398 2144 437 2199 ut
451 2155 523 2217 pax
542 2144 663 2200 nostra
681 2143 852 2214 teneatur,
870 2144 906 2200 et
923 2136 1016 2218 quod
1033 2135 1193 2216 tethinga
1210 2136 1264 2199 in·

316 2241 416 2314 tegra
445 2235 492 2298 sit
517 2236 608 2299 sicut
634 2255 710 2299 esse
741 2235 947 2312 consuevit3
986 2241 1021 2298 et
1048 2235 1142 2315 quod
1172 2235 1265 2298 vice-

316 2352 430 2397 comes
456 2354 525 2397 non
548 2341 683 2415 quaerat
708 2335 918 2411 occasiones,
947 2341 983 2397 et
1006 2332 1098 2416 quod
1120 2340 1264 2397 conten·

316 2439 373 2494 tus
405 2433 452 2494 sit
479 2433 521 2496 de
551 2452 603 2510 eo,
630 2432 722 2514 quod
750 2434 940 2496 vicecomes
967 2433 1094 2496 habere
1118 2451 1264 2496 consue-

316 2531 366 2593 vit
389 2530 432 2592 de
460 2532 537 2595 visu
570 2551 633 2595 suo
664 2531 820 2594 faciendo
850 2539 1001 2612 tempore
1033 2531 1178 2594 Henrici
1209 2552 1263 2595 re·

315 2628 370 2706 gis
399 2629 456 2692 avi
487 2630 607 2693 nostri.
686 2629 768 2692 Non
799 2631 903 2693 liceat
932 2629 974 2693 de
1004 2637 1130 2692 caetero
1160 2630 1264 2693 alicui

315 2725 398 2787 dare
428 2733 555 2789 terram
585 2746 682 2790 suam
716 2728 832 2791 domui
862 2728 1051 2809 religioniS,
1085 2729 1136 2791 ita
1169 2730 1264 2809 qnod

315 2823 410 2883 illam
435 2831 586 2887 resumat
613 2826 796 2889 tenendam
824 2826 866 2889 de
892 2827 1011 2890 eadem
1041 2826 1168 2902 domo;
1200 2847 1264 2891 nec

315 2919 419 2982 liceat
450 2921 552 2984 alicui
585 2924 702 2986 domui
731 2925 908 3006 religionis
933 2933 1060 2988 terram
1090 2925 1141 2988 sic
1172 2926 1264 2990 acei-

315 3037 408 3098 pere‚
433 3020 524 3099 quod
551 3022 667 3085 tradat
687 3042 762 3084 eam
789 3024 852 3099 illi,
879 3044 901 3087 a
924 3043 994 3105 quo
1015 3023 1111 3086 illam
1131 3023 1262 3105 recepit

315 3117 518 3197 tenendam3
542 3121 572 3182 si
590 3121 667 3201 quis
687 3128 802 3184 autem
820 3122 1003 3186 decaetero
1020 3127 1147 3184 terram
1164 3140 1263 3185 snam

315 3215 365 3276 sic
394 3215 525 3280 dederit
552 3218 667 3280 domui
696 3219 866 3300 religiosae
899 3228 934 3283 et
957 3239 1061 3301 super
1091 3219 1155 3283 hoc
1179 3240 1262 3285 con·

315 3312 485 3388 vincatur,
510 3315 638 3378 donum
659 3336 757 3379 snum
781 3319 919 3398 penitus
942 3325 1098 3381 cassetur
1116 3325 1152 3381 et
1168 3325 1263 3382 terra

314 3410 376 3472 illa
399 3412 536 3476 domino
560 3433 624 3476 suo
649 3414 741 3477 illins
767 3415 858 3479 feodi
879 3417 1083 3480 incurratur.
1136 3416 1262 3482 Scuta·

315 3509 409 3588 ginm
439 3510 481 3572 de
510 3520 636 3576 caetero
665 3515 835 3595 capiatur,
863 3516 953 3578 sicut
976 3515 1055 3597 capi
1080 3517 1261 3580 consuevit

314 3612 467 3688 tempore
493 3611 585 3690 regis
614 3611 759 3676 Henrici
788 3614 845 3675 avi
869 3613 991 3676 nostri.
1044 3612 1173 3676 Omnes
1198 3633 1261 3677 au-

314 3711 382 3766 tem
410 3709 674 3772 consuetudines
697 3711 882 3791 praedictas
905 3719 940 3774 et
958 3711 1148 3787 libertates,
1172 3731 1261 3793 quas

313 3805 545 3868 concessimus
565 3808 600 3868 in
625 3827 732 3889 regno
758 3816 877 3873 nostro
895 3810 1076 3886 tenendas,
1090 3818 1259 3892 quantum

312 3901 355 3962 ad
377 3921 440 3964 nos
461 3905 618 3986 pertinet,
638 3926 721 3988 erga
742 3927 860 3973 omnes
886 3908 1041 3974 homines
1059 3916 1197 3972 nostros
1215 3909 1258 3973 de

310 4018 417 4078 regno
438 4010 569 4079 nostro,
586 4012 656 4066 tam
675 4006 789 4069 clerici
816 4026 919 4088 quam
941 4007 1021 4070 laici
1047 4008 1158 4071 nostri
1183 4001 1261 4072 ¹ob-

309 4107 447 4162 servent
472 4109 639 4181 quantum
672 4105 714 4166 ad
748 4125 786 4168 se
816 4106 966 4186 pertinet
991 4125 1074 4187 erga
1102 4106 1259 4171 homines

307 4206 1259 4228 Μ

553 4253 559 4281 ¹
571 4255 725 4318 Glemona]
742 4253 928 4306 ‘Conservent’
939 4259 966 4306 in
979 4260 1009 4307 C.
