2858 4876
410 393 550 442 anonas
574 393 846 442 arsuoamnuu.
1042 378 1105 442 191

155 559 215 617 tua
230 551 319 616 duas
334 552 495 617 mulieres
513 554 743 637 pauperculas
760 554 1011 637 hospitalitatis
1028 575 1136 657 gra·
1119 567 1175 608 un
1186 569 1242 608 ¹²⁰⁶·

155 654 206 717 tia
233 653 309 737 jam
340 655 481 738 recepit,
517 662 554 718 et
577 675 643 736 ego
673 655 739 718 hac
764 662 865 720 nocte
891 656 936 719 ad
967 619 1151 720 domama
1137 618 1237 709 mritis!

155 760 250 818 tuam
271 753 454 832 divertam,
477 761 517 818 ut
539 764 575 818 te
608 754 652 818 ad
675 756 848 819 dominum
872 763 984 832 tuum,
1006 775 1108 820 sauc-

155 859 229 918 tum
256 854 419 920 videlicet
447 855 630 932 Jacobum,
660 856 857 939 perducam,
886 876 988 939 quem
1016 877 1106 922 nunc

154 955 279 1020 devote
300 955 473 1035 adorasti3
502 976 568 1038 ego
593 958 683 1021 cuim
707 976 785 1020 sum
803 957 967 1022 Julianus
989 958 1105 1041 bospi-

154 1061 259 1132 tator,
290 1056 351 1138 qui
380 1056 505 1119 missus
539 1077 615 1121 sum
645 1065 785 1140 propter
825 1066 871 1134 te,
901 1066 941 1124 ut
971 1067 1105 1123 secreta

155 1154 326 1237 quaedam,
343 1174 422 1238 quaa
446 1156 600 1221 homines
622 1158 658 1221 in
681 1177 784 1222 carna
801 1157 967 1239 degentes
982 1158 1104 1235 latent,

156 1355 375 1438 quantocius,
393 1362 430 1420 et
445 1356 489 1420 ad
504 1355 570 1419 iter
586 1362 621 1419 tc
643 1376 839 1440 praeparare
855 1356 979 1421 stude!
1023 1357 1104 1435 Quo

155 1455 259 1533 dicto,
281 1454 453 1539 disparuit
473 1456 567 1521 illico
586 1454 652 1532 vir,
671 1456 732 1538 qui
758 1477 837 1521 cum
859 1457 919 1521 illo
942 1457 1103 1538 loqueba-

154 1563 223 1620 tur.
248 1555 447 1620 Turcbillus
462 1576 556 1634 vero,
571 1556 637 1621 hoc
654 1563 770 1620 autem
787 1565 862 1620 erat
879 1576 1000 1621 nomen
1016 1557 1103 1633 viro,

154 1655 289 1721 concito
314 1655 427 1738 gradu
452 1655 591 1720 domum
621 1676 770 1738 pergens
803 1663 971 1739 caputet
999 1658 1103 1740 pedes

153 1756 251 1834 lavit,
264 1755 421 1840 duasque
436 1755 656 1820 mulierculas
676 1756 827 1839 hospitio
842 1763 999 1839 receptas
1014 1777 1103 1820 com·

154 1857 255 1939 perit,
284 1857 376 1921 sicut
408 1855 474 1920 sibi
513 1864 655 1921 sanctus
685 1856 897 1940 praedixerat
926 1855 1101 1921 Julianus.

155 1955 289 2021 Deinde
304 1956 468 2023 instratu
485 1975 561 2035 suo,
582 1977 683 2039 quam
699 1978 855 2022 seorsum
872 1959 915 2021 ab
931 1976 1040 2021 uxore
1057 1959 1102 2021 ob

154 2056 402 2122 continentiam
428 2065 687 2140 praeparaverat
709 2059 745 2122 in
764 2059 878 2134 domo,
898 2063 999 2121 extra
1023 2056 1101 2122 tha·

153 2156 281 2222 lamam
297 2176 336 2223 se
352 2157 527 2223 collocans
550 2158 779 2237 obdormivit;
813 2177 959 2240 cumque
983 2177 1101 2222 omnes

153 2257 197 2323 de
211 2258 343 2323 familia
360 2259 477 2341 sopori
498 2260 651 2323 membra
668 2257 856 2334 dedissent,
878 2264 1020 2321 sanctus
1039 2257 1102 2321 ad·

152 2357 219 2424 fuit
245 2357 411 2423 Julianus
442 2358 622 2442 virumque
657 2377 778 2423 somno
817 2359 996 2423 excutiens
1036 2357 1098 2435 ait,

152 2458 264 2524 ‘Ecce
281 2458 414 2536 adsum,
424 2459 515 2523 sicut
532 2459 771 2542 promiseram3
789 2465 926 2540 tempus
940 2457 1031 2522 enim
1044 2465 1100 2522 est

152 2567 190 2626 ut
204 2579 336 2626 eamus.
388 2559 555 2637 Quiescat
569 2560 603 2623 in
621 2566 734 2624 stratu
748 2577 874 2641 corpus
896 2565 1006 2636 tuum,
1024 2558 1100 2623 sola

152 2661 242 2725 enim
263 2661 380 2725 anima
403 2667 465 2724 tua
479 2678 613 2724 mecum
629 2666 683 2723 est
699 2660 812 2738 itura3
839 2667 888 2735 et,
907 2679 950 2722 ne
974 2677 1099 2740 corpus

152 2760 310 2827 videatur
325 2760 549 2836 exstinctum,
564 2759 704 2824 vitalem
727 2760 762 2823 in
785 2767 821 2824 te
839 2759 958 2824 flatum
983 2759 1099 2823 dimit·

150 2861 245 2926 tam'
295 2861 421 2944 Sicque
437 2862 539 2925 ambo
558 2879 581 2923 a
599 2861 701 2924 domo
716 2858 927 2936 recedentes
941 2857 1099 2922 Turcbil-

150 2961 204 3025 lus
218 2968 377 3027 sanctum
391 2959 415 3024 J
418 2961 571 3025 alianum
588 2968 799 3043 praeeuntem
816 2961 1034 3043 sequebatur.

206 3133 249 3199 Ut
270 3134 322 3199 oa'r
346 3134 486 3221 qaaidam,
512 3135 550 3200 da
571 3157 695 3221 corpora
718 3135 852 3211 adactas,
878 3134 923 3199 ad
943 3135 1099 3219 quandam

248 3232 1100 3322 basilicam,aliastcoaprapatioanimarumaddactaa

241 3335 355 3420 suerit.

200 3459 358 3544 Cumque
384 3460 428 3525 ad
452 3460 570 3524 mundi
592 3459 754 3538 medium,
779 3461 870 3524 sicut
893 3459 1016 3523 ductor
1033 3459 1100 3524 viri

148 3561 335 3637 fatebatur,
358 3551 481 3625 contra
502 3561 667 3625 orientem
690 3567 927 3642 properarent,
949 3560 1101 3623 intrave-

150 3668 233 3726 runt
261 3660 435 3744 quandam
467 3660 647 3725 basilicam
675 3660 770 3724 mirae
799 3667 994 3734 structurae,
1018 3678 1099 3741 quaa

150 3761 261 3826 tribus
287 3767 422 3826 tantum
445 3761 613 3826 columnis
637 3760 672 3823 in
692 3761 774 3826 tecti
798 3759 938 3842 fastigio
963 3759 1099 3823 niteba-

149 3866 218 3928 tur.
270 3861 425 3944 Eratque
439 3861 583 3926 basilica
598 3861 740 3943 grandis
763 3861 866 3925 nimis
882 3867 918 3924 et
930 3858 1098 3942 spatiosa,

149 3962 210 4026 sed
232 3962 365 4044 absque
386 3962 588 4045 parietibus,
606 3981 668 4044 per
691 3982 815 4047 gyrum
840 3959 1035 4042 dependens
1060 3966 1101 4024 ut

149 4061 338 4127 claustrum
355 4061 618 4142 monachorum3
642 4082 763 4127 verum
792 4081 813 4126 a
839 4068 938 4143 parte
967 4059 1100 4142 aquilo·

149 4162 226 4227 nari
249 4181 369 4227 murus
388 4168 464 4227 erat
487 4182 556 4226 non
580 4163 682 4226 nimis
709 4163 814 4239 altuS,
833 4161 893 4226 sed
916 4160 1017 4243 quasi
1036 4177 1099 4223 sex
