2858 4876
432 410 569 459 neonus
592 410 862 458 ursionmnuu.
1057 393 1120 457 181

169 566 291 630 ouibus
323 568 573 646 transmarinis,
603 589 682 633 cum
714 569 848 633 civibus
876 573 912 631 et
937 568 1015 632 aliis
1047 570 1121 652 regi
1134 583 1256 626 ito-12⁰4.

169 665 361 750 Anglorum
390 669 569 753 subjectis,
592 669 732 733 nuntios
759 669 960 733 direxerunt
987 668 1023 731 in
1046 668 1120 733 An·

170 767 287 849 gliam,
307 769 380 851 regi
403 768 647 834 denuntiantes
670 770 734 832 sub
759 789 828 852 qua
851 776 966 833 essent
982 768 1120 833 calami·

170 874 242 931 tate
267 869 461 947 constituti,
484 878 519 935 et
538 869 631 952 quod
648 877 785 954 tempus
810 870 964 933 instabat
985 868 1119 933 induci-

169 986 279 1046 arum,
307 988 377 1052 quo
410 971 593 1053 oportebat
624 988 683 1034 cos
712 970 872 1034 civitates
908 976 943 1033 et
975 969 1119 1034 castella

168 1069 241 1150 regi
271 1068 485 1134 Francorum
513 1069 667 1148 reddere,
696 1068 752 1135 vel
787 1067 923 1134 obsides
950 1089 1038 1152 quos
1068 1070 1119 1134 illi

169 1167 334 1256 dederant
365 1169 410 1233 ad
447 1170 657 1252 perdendum
689 1169 855 1251 tradere3
892 1170 1018 1252 quibus
1056 1190 1119 1234 rex

168 1267 347 1334 lohannes
368 1270 545 1354 respondit
567 1278 602 1334 ct
621 1289 683 1353 per
704 1271 843 1335 nuntios
866 1271 1024 1335 omnibus
1049 1271 1120 1353 sig-

169 1368 334 1448 nificavit,
357 1378 397 1435 ut
417 1370 548 1434 nullum
568 1371 612 1434 ab
633 1371 711 1453 ipso
733 1376 975 1453 exspectarent
991 1371 1118 1434 auxili-

168 1488 238 1545 um,
260 1468 320 1534 sed
342 1471 496 1535 facerent
515 1471 644 1554 singuli
668 1471 759 1553 quod
785 1471 849 1534 sibi
877 1470 999 1534 melius
1022 1470 1118 1535 vide-

167 1569 292 1650 batur;
316 1571 446 1654 sicque,
468 1571 666 1636 omnimoda
686 1571 884 1635 defensione
906 1571 1118 1654 inpartibus

167 1669 235 1733 illis
265 1670 456 1749 deficiente,
482 1679 558 1736 tota
582 1670 810 1748 Normannia‚
832 1670 1020 1748 Turonica,
1043 1668 1117 1734 An-

169 1768 317 1852 degavia
335 1779 371 1836 et
389 1770 561 1850 Pictavia,
583 1791 661 1836 cum
681 1772 893 1849 civitatibus
913 1771 1065 1835 castellis
1082 1778 1117 1835 ct

168 1871 270 1934 rebus
301 1871 391 1949 aliis,
421 1879 549 1954 praetcr
579 1871 777 1954 Rupellam,
804 1871 917 1935 Toarz
943 1879 978 1934 et
1009 1871 1117 1934 Niorz

167 1970 322 2050 castella,
341 1980 423 2037 sunt
445 1973 479 2036 iu
504 1972 596 2055 regis
622 1971 833 2036 Francorum
851 1971 1039 2035 dominium
1056 1970 1116 2034 de-

168 2071 297 2136 voluta.
358 2071 460 2151 Quod
491 2092 569 2136 cum
601 2073 676 2154 regi
697 2070 894 2154 Anglorum
921 2071 1116 2135 nuntiatum

166 2170 301 2250 fuisset,
318 2172 522 2237 omnimodis
540 2193 618 2237 cum
638 2173 759 2254 regina
780 2191 845 2235 sua
866 2172 1006 2236 vivebat
1030 2169 1119 2234 deli-,

166 2269 241 2350 ciis,
263 2292 342 2337 cum
357 2292 427 2356 qua
443 2272 545 2336 simul
563 2292 601 2336 se
622 2271 766 2337 credidit
783 2272 899 2335 omnia
918 2269 1114 2353 possidere;

167 2370 317 2438 habebat
351 2380 520 2455 practerea
553 2391 650 2456 spem
681 2372 717 2435 in
748 2372 979 2435 immensitate
1010 2389 1115 2453 pecu·

167 2471 233 2536 nice
266 2492 368 2555 quam
400 2472 600 2555 collegerat,
630 2473 731 2555 quasi
765 2492 828 2555 per
856 2473 969 2555 ipsam
999 2478 1118 2553 posset

166 2578 276 2638 terras
292 2592 379 2655 quas
397 2572 561 2637 amiserat
577 2591 752 2637 revocare.

219 2746 269 2810 ne
295 2754 390 2811 mee
420 2704 598 2832 confrui,
620 2747 838 2813 wileneus
860 2747 1006 2833 episcopt,
1029 2755 1058 2810 u

384 2847 567 2911 succesibus
581 2848 674 2912 Petri
689 2848 726 2912 de
741 2844 894 2932 Rupibus.

216 2971 347 3038 Eodem
364 2992 469 3051 anno,
486 2970 644 3037 kalendis
661 2971 804 3056 Aprilis
820 2972 856 3035 in
872 2972 984 3054 prima
1003 2970 1116 3035 noctis
1126 2999 1275 3040 prenomen.

167 3074 287 3155 vigilia
310 3079 429 3137 tantus
461 3073 566 3137 rubor
593 3072 630 3136 iu
661 3073 748 3136 caelo
771 3072 933 3154 apparuit
956 3071 992 3134 in
1016 3079 1119 3154 parte

166 3173 359 3256 aquilonari
381 3181 418 3237 ct
439 3172 611 3250 orientali,
636 3179 677 3236 ut
700 3191 802 3237 verus
830 3171 921 3253 ignis
944 3172 987 3234 ab
1009 3172 1116 3235 omni-

164 3274 232 3337 bus
252 3273 462 3350 crederetur,
484 3280 529 3351 et,
554 3272 645 3355 quod
671 3271 865 3336 mirandum
887 3277 953 3347 est,
976 3271 1013 3334 in
1038 3271 1115 3353 ipso

166 3374 291 3438 rubore
308 3372 609 3437 vehementissimo
627 3372 738 3437 stellae
760 3372 927 3436 micantes
944 3389 1116 3454 apparue-
1157 3382 1160 3387 '

164 3470 270 3551 runt}
296 3472 436 3537 duravit
459 3480 575 3537 autem
597 3471 671 3536 haec
689 3472 777 3536 visio
804 3491 914 3554 usque
937 3470 980 3534 ad
1003 3472 1116 3534 noctis

164 3572 326 3636 medium.
377 3572 509 3636 Eodem
531 3579 683 3654 tempore
702 3570 923 3647 GodcfriduS,
939 3570 1115 3636 Wintoni-

164 3673 256 3737 ensis
273 3672 467 3756 episcopus,
487 3671 576 3737 diem
595 3672 720 3736 clausit
738 3679 943 3746 extremum,
966 3671 1022 3733 cui
1036 3689 1115 3734 suc·

164 3773 269 3837 cessit
295 3771 423 3836 Petrus
447 3770 490 3835 de
517 3771 689 3854 Rupibus,
709 3772 764 3836 vir
789 3771 958 3853 equestris
984 3770 1115 3834 ordinis

163 3873 250 3937 etin
267 3873 370 3937 rebus
385 3870 517 3935 bellicis
532 3871 703 3949 eruditus;
721 3871 794 3954 qui,
811 3876 1017 3952 procurante
1032 3889 1114 3951 rege

161 3972 184 4036 J
188 3971 337 4052 ohanne,
360 3971 403 4035 ad
433 3971 669 4055 episcopatum
698 3971 829 4034 electus
859 3968 1007 4033 Romam
1033 3990 1113 4053 pro-

163 4072 273 4137 fectus
297 4079 362 4148 est,
388 4071 448 4135 ubi
473 4071 609 4152 magnis
631 4071 743 4134 xeniis
770 4069 959 4133 liberaliter
978 4069 1114 4133 collatis

162 4173 206 4236 ad
227 4171 408 4237 ecclesiam
426 4170 702 4236 Wintonicnsem
723 4170 912 4234 maturavit
931 4170 1114 4252 episcopus
