2858 4876
348 405 414 470 294
606 417 740 469 nocnni
766 418 813 464 nn
835 415 1043 470 wannovnn

190 599 312 639 annm.
351 577 454 643 iidem
477 577 625 641 barones
649 595 670 640 a
692 575 880 658 Stephano,
904 573 1148 639 cantuariensi
1171 576 1304 641 archie-

352 679 506 761 piscopo,
525 684 565 741 ut
581 676 785 760 praedictum
808 683 872 752 est,
889 675 924 740 in
942 675 1025 738 urbe
1045 674 1303 741 Londoniarum

353 784 569 861 acceperant.
616 776 825 844 Continebat
842 782 957 840 autem
975 774 1050 838 haec
1066 775 1187 841 charta
1200 797 1303 860 quas-

352 877 432 942 dam
459 878 636 942 libertates
664 884 700 941 et
721 876 816 957 leges
842 875 934 958 regis
957 875 1143 940 Eadwardi
1169 884 1302 942 sanctae

352 977 507 1042 ecclesiae
529 975 739 1059 Anglicanae·
757 976 888 1059 pariter
910 982 945 1040 ct
966 976 1186 1058 magnatibus
1204 979 1304 1059 regni

352 1095 546 1155 concessae,
569 1077 724 1159 exceptis
742 1076 949 1158 quibusdam
968 1076 1198 1155 libertatibus,
1213 1097 1303 1159 quas

351 1177 440 1241 idem
471 1196 532 1240 rex
559 1176 602 1240 de
624 1195 688 1241 suo
713 1176 851 1259 adjecit.
912 1174 1039 1258 Itaque
1068 1185 1304 1242 convenerunt

352 1276 504 1340 universi
531 1276 574 1341 ad
601 1276 782 1340 ecclesiam
804 1277 917 1341 sancti
942 1275 1137 1340 Eadmundi
1156 1279 1249 1360 regis
1268 1285 1304 1342 et

352 1377 530 1460 martyris
553 1383 589 1440 et
611 1377 814 1459 incipientes
841 1396 863 1440 a
888 1376 1076 1460 majoribus
1095 1377 1304 1460 juraverunt
1331 1455 1335 1464 1

352 1495 455 1558 super
474 1476 586 1560 majus
608 1477 730 1553 altare,
756 1476 861 1559 quod,
882 1477 913 1541 si
936 1495 998 1539 rex
1020 1476 1116 1558 leges
1141 1484 1177 1541 et
1198 1477 1302 1542 liber-

353 1582 442 1640 tates
452 1576 652 1660 jamdictas
668 1576 854 1641 concedere
865 1575 1059 1658 diffugeret,
1073 1576 1143 1658 ipsi
1156 1578 1188 1640 ei
1203 1597 1304 1660 guer-

352 1695 426 1738 ram
450 1683 521 1740 tam
548 1676 605 1740 diu
630 1685 819 1753 moverent,
845 1684 880 1741 et
904 1677 948 1740 ab
972 1676 1048 1760 ejus
1074 1676 1240 1741 fidelitate
1266 1698 1304 1742 se

352 1776 607 1854 subtraherent,
630 1775 738 1841 donec
764 1777 814 1841 eis
835 1796 897 1858 per
919 1775 1074 1840 chartam
1100 1777 1216 1858 sigillo
1239 1798 1304 1842 suo

353 1876 520 1939 munitam
534 1875 754 1942 confirmaret
767 1877 883 1941 omnia
893 1896 972 1958 quae
988 1877 1172 1958 petebant3
1196 1885 1303 1960 atque

352 1975 389 2038 in
407 1975 472 2040 hoc
490 1975 629 2040 tandem
644 1976 871 2041 communiter
892 1983 1152 2053 consenserunt,
1170 1984 1304 2061 etpost

351 2076 468 2140 natale
488 2075 629 2140 Domini
654 2077 756 2140 simul
781 2095 901 2141 omnes
927 2076 969 2139 ad
994 2095 1109 2158 regem
1126 2079 1304 2142 venientes

351 2175 530 2240 libertates
559 2177 787 2259 ¹praescriptas
816 2176 883 2241 sibi
909 2183 1067 2258 peterent
1097 2177 1304 2255 confirmari,

349 2281 460 2356 atque
481 2275 619 2340 interim
638 2277 675 2342 in
698 2278 796 2358 equis
819 2276 884 2340 sibi
906 2283 942 2341 et
959 2277 1063 2340 armis
1086 2276 1203 2340 taliter
1226 2297 1306 2360 pro-

351 2374 520 2452 viderent,
543 2376 635 2458 quod
658 2377 688 2440 si
710 2376 798 2441 forte
821 2395 883 2439 rex
905 2395 927 2438 a
953 2377 1094 2458 proprio
1120 2377 1226 2441 vellet
1248 2397 1303 2440 re-

350 2474 471 2538 cedere
495 2468 717 2558 ¹jurament0,
739 2469 824 2559 ²ipsi
847 2475 1004 2558 protinus
1023 2495 1085 2558 per
1109 2477 1304 2559 captionem

352 2581 543 2639 castrorum
558 2594 697 2639 suorum
712 2596 789 2639 eum
807 2575 851 2639 ad
868 2575 1139 2639 satisfactionem
1156 2577 1307 2659 compel-

352 2674 485 2754 lerent;
510 2682 557 2753 et,
573 2675 626 2741 his
642 2675 693 2739 ita
709 2676 829 2757 gestis,
846 2676 1083 2757 unusquisque
1099 2676 1143 2740 ad
1163 2678 1306 2759 propria

353 2775 530 2840 remeavit.

443 2950 493 3013 De
513 2949 678 3028 Willelmo,
695 2935 802 3014 abbate
816 2949 943 3014 ecelesia
958 2951 1061 3014 sancti
1078 2948 1211 3014 Albani.

191 3101 285 3142 warram
408 3073 537 3138 Eodem
560 3094 652 3139 anno
676 3073 699 3138 J
702 3074 842 3151 ohanni,
872 3076 989 3139 abbati
1014 3075 1169 3139 ecelesiae
1193 3079 1307 3141 sancti

190 3152 344 3242 ffssopgifnmn
357 3171 497 3251 Albani,
520 3176 686 3238 successit
700 3167 925 3253 ³WillelmuS,
949 3175 1137 3239 monachus
1160 3175 1203 3239 de
1229 3196 1307 3258 gre-

191 3252 314 3293 ¹·A¹¹'⁸¹¹’'‘
357 3275 425 3338 mio
450 3274 604 3359 ejusdem
627 3274 794 3351 ecclesiae,
820 3275 912 3339 beati
934 3275 1130 3340 Eadmundi
1152 3277 1246 3357 regis
1269 3285 1304 3340 et

356 3376 518 3458 martyris
541 3375 666 3438 celebri
693 3374 770 3438 luce
795 3381 830 3439 et
853 3374 938 3438 feria
961 3376 1084 3458 quinta
1106 3376 1306 3443 solemniter

356 3475 498 3550 electus,
520 3475 557 3536 in
583 3473 638 3538 die
665 3473 778 3537 sancti
806 3472 958 3539 Andreae
985 3475 1147 3558 apostoli,
1180 3475 1304 3540 Domi·

354 3573 433 3638 nica
447 3573 606 3663 videlicet
621 3573 732 3656 prima
747 3573 918 3638 adventus
936 3574 1089 3652 Domini,
1106 3575 1142 3639 in
1157 3575 1305 3640 ecclesia

353 3674 446 3737 beati
480 3672 608 3738 Albani
640 3680 720 3738 ante
748 3674 862 3757 majus
896 3675 1006 3739 altare
1029 3676 1073 3739 ab
1101 3675 1305 3752 Eustachio,

353 3773 484 3837 Eliensi
504 3774 677 3857 episcopo,
697 3774 941 3857 pontificaliter
959 3782 995 3840 et
1009 3775 1209 3839 solemniter
1228 3795 1305 3839 mu-

377 3970 556 4036 veramente]
566 3974 814 4038 Parisadds,‘quem
875 3971 887 4006 ⁸
902 3976 1061 4040 Willelmas]
1079 3975 1105 4024 It
1116 3991 1171 4026 was
1179 3976 1230 4026 this
1241 3977 1306 4026 Wil-

349 4044 413 4092 bene
436 4044 572 4093 credebant
593 4044 690 4093 resilire
713 4049 815 4106 propter
839 4045 899 4094 liam
912 4047 1094 4109 Trumpington
1111 4047 1169 4096 who
1192 4048 1305 4109 deposed

350 4128 422 4162 suam
434 4111 627 4176 duplicitatem!
841 4115 983 4166 Wendover
993 4115 1055 4167 from
1065 4116 1103 4166 his
1114 4116 1237 4180 prioryof
1246 4119 1306 4169 Bel·

371 4180 586 4247 ²1psi.]‘1psius
615 4184 640 4232 in
652 4184 708 4235 MS.
840 4186 901 4236 voir.
