2858 4876
432 414 570 462 rnonns
595 385 865 467 msronmnu‘u.
1079 405 1122 469 83

169 568 261 649 quod
284 589 346 632 rex
370 568 563 653 Anglorum
586 575 761 638 accinctus
784 583 876 640 esset
900 576 944 640 ad
968 597 1118 660 pugnam
1134 594 1256 635 annuc

168 676 203 731 et
219 688 352 733 summo
374 668 526 736 diluculo
546 672 778 755 adventurus3
808 695 877 757 quo
895 676 1120 758 Francigenac

169 787 304 832 rumore
327 771 509 851 perterriti,
535 778 575 835 ut
600 774 658 854 qui
684 773 760 857 ejus
782 774 964 839 audaciam
992 777 1120 859 saepius

168 869 303 949 experti
329 869 478 948 fuerant,
510 870 690 953 elegerunt
722 875 840 956 potius
865 875 984 957 fugere
1014 895 1118 958 quam

166 986 334 1047 pugnare,
357 988 435 1033 cum
465 989 529 1034 suo
559 991 695 1055 semper
722 972 849 1038 damno
876 981 912 1040 et
934 977 1119 1059 opprobrio

166 1066 364 1131 recedentes
378 1087 401 1134 a
417 1068 553 1134 eastris.

205 1255 248 1321 Ut
261 1257 446 1327 Hereleriaa
458 1262 591 1347 Palpo
603 1262 810 1348 apocopam
824 1262 1082 1332 Sarattriomm

558 1363 722 1447 acceperit.

228 1479 298 1544 Per
331 1471 430 1545 idem
458 1491 594 1567 tempus
626 1484 853 1564 Herebertus,
887 1496 1116 1569 cognomento
1130 1511 1227 1558 aaran,

168 1577 317 1663 Pauper,
343 1581 603 1648 Cantuariensis
628 1584 902 1665 archidiaconus,
925 1588 962 1650 in
984 1561 1242 1670 episeo-¹31¹fr¹r¹l'rl‘11‘ss}¹

162 1697 247 1761 pum
278 1679 566 1746 Saresbiriensem
596 1677 779 1749 ¹canonice
808 1685 938 1750 electus
971 1688 1116 1753 sabbato

166 1777 202 1840 in
232 1777 461 1845 Pentecosten
490 1785 672 1867 presbyter
701 1791 755 1848 est
789 1785 979 1863 ordinatus,
1010 1794 1046 1851 et
1079 1789 1115 1851 in

166 1880 317 1942 crastino
343 1881 387 1944 ab
408 1883 666 1967 archiepiscopo
690 1882 934 1950 cantuariensi
953 1884 1115 1952 Huberto

165 1978 257 2058 apud
279 1977 627 2046 westmonasterium
652 1983 835 2066 episcopus
860 1992 914 2049 est
935 2005 1116 2050 consecra-

165 2082 233 2140 tus,
278 2077 409 2142 Eodem
425 2087 579 2163 tempore
596 2100 659 2144 rex
678 2081 891 2146 Francorum
910 2102 932 2147 a
947 2082 1115 2149 Vernolio

165 2175 346 2253 recedens,'
372 2197 415 2241 ne
447 2179 496 2243 nil
530 2198 634 2261 agere
664 2179 850 2259 videretur,
884 2183 1115 2260 castellulum,

158 2275 258 2355 quod
281 2275 411 2341 Fontes
434 2278 641 2362 appellatur,
660 2277 864 2343 furibundus
881 2281 1064 2359 subvertit,
1082 2291 1117 2346 et

166 2373 216 2436 sic
232 2393 310 2437 cum
324 2376 516 2458 qualiquali
530 2377 676 2443 victoria
693 2378 737 2442 ad
751 2379 892 2463 propria
908 2382 1084 2446 remeavit.

255 2567 298 2631 Ut
312 2587 367 2631 ree
380 2565 561 2632 Rielordcu
574 2575 710 2632 codrum
724 2565 762 2632 de
775 2566 893 2632 Laeta
907 2568 1030 2653 caprarii.

218 2685 316 2755 Hiis²
336 2692 387 2756 ita
406 2691 527 2773 gestis,
545 2711 608 2755 rex
630 2690 827 2756 Richardus
849 2689 1000 2783 Turonis
1022 2691 1117 2756 veni-
1129 2703 1224 2794 mur

166 2810 227 2854 ens
250 2810 271 2853 a
295 2790 554 2855 Novi-castelli
575 2791 815 2873 burgensibus,
832 2790 891 2853 ubi
915 2791 1039 2854 beatus
1064 2810 1117 2854 re.
1130 2805 1219 2851 naum

165 2890 311 2972 quiescit
332 2890 516 2967 MartinuS,
536 2889 605 2954 duo
625 2890 734 2954 millia
756 2908 890 2954 mareas
906 2890 1043 2970 argenti
1059 2910 1118 2954 no·

166 2989 257 3053 mine
286 2991 486 3054 exeniorum
519 2987 683 3072 suscepit.
735 2987 895 3053 Tendens
919 2988 1000 3052 inde
1025 2988 1118 3053 intra

169 3088 252 3152 fines
277 3087 441 3153 Turoniae
473 3084 657 3153 castellum
690 3085 733 3151 de
764 3088 912 3166 Laches
937 3087 1029 3170 quod
1054 3109 1117 3154 rex

142 3249 146 3255 .
167 3188 380 3252 Francorum
398 3187 534 3252 nomine
549 3186 728 3251 obsidatus
743 3206 765 3251 a
779 3185 918 3251 ballivis
936 3186 1027 3269 regis
1041 3189 1117 3251 An·

167 3286 248 3368 gliae
265 3294 443 3371 receperat
455 3286 538 3351 dum
552 3286 590 3350 in
610 3285 757 3352 vinculis
774 3292 960 3364 teneretur,
976 3304 1020 3349 ne
1035 3304 1117 3349 con-

166 3385 365 3450 ventionem
384 3405 489 3468 quam
503 3405 582 3449 cum
599 3385 659 3449 illo
676 3384 806 3449 fecerat
822 3384 1059 3465 infringerent,
1082 3393 1118 3450 et

166 3483 362 3567 quindecim
375 3482 540 3549 militibus
557 3489 593 3548 et
608 3482 838 3548 servientibus
854 3489 978 3566 quater
993 3483 1117 3566 viginti

166 3604 245 3647 cum
276 3583 478 3648 victualium
510 3580 715 3648 sufficientia
742 3580 1003 3646 custodiendum
1026 3601 1117 3646 oom-

166 3683 319 3761 miserat,
351 3703 414 3747 rex
439 3681 634 3766 Anglorum
670 3681 806 3745 obsedit
845 3687 880 3745 et
915 3678 1007 3744 infra
1042 3680 1116 3745 dies

167 3803 296 3865 paucos
311 3783 456 3848 viriliter
472 3781 699 3865 expugnavit.
751 3779 851 3845 Tunc
866 3779 960 3844 venit
975 3779 1012 3843 in
1028 3800 1116 3845 aux·

166 3883 264 3945 ilium
289 3884 381 3965 regis
404 3881 600 3979 Anglorum
627 3880 719 3944 filius
744 3881 837 3962 regis
863 3879 1034 3945 Navarrae
1056 3901 1115 3946 co·

203 4103 340 4155 ¹Couoaice
362 4106 480 4172 erectae]
508 4108 551 4158 tha
568 4107 629 4159 aoth
689 4102 770 4154 Uita
781 4105 818 4154 ita
827 4105 936 4168 gestia]
953 4105 1056 4168 Diceto,
1069 4106 1119 4160 eol.

167 4175 295 4237 olApri13
313 4176 414 4225 Diceto.
655 4179 721 4236 6743
739 4175 979 4238 novereantur.

971 4272 986 4307 o
1000 4263 1015 4308 2
