2858 4876
353 404 420 469 246
611 419 746 466 uocum
770 406 817 464 nil
840 416 1048 466 wumnovuu

194 595 249 635 nn.
261 594 318 634 12¹³·
357 579 539 663 susceptus
566 586 632 644 est.
686 577 857 643 Omnibus
882 577 990 660 igitur
1016 577 1239 658 congregatis
1265 578 1310 642 ad

357 700 523 764 pugnam,
534 679 696 744 aestimati
710 679 836 742 suntin
848 676 1003 742 exercitu
1014 670 1129 759 apud¹
1138 677 1310 741 Barbam-

357 782 483 846 douam
498 782 590 844 inter
606 780 733 843 milites
749 779 878 843 electos
895 783 931 842 et
943 779 1133 867 servientes
1148 785 1311 843 strenuos

357 889 394 946 et
416 882 503 945 bene
525 887 678 944 armatos
701 879 886 960 sexaginta
908 877 1020 941 millia·
1034 877 1188 942 virorum
1211 877 1312 942 forti-

358 1001 436 1062 um3
460 981 585 1065 quibus
613 980 643 1043 si
667 998 751 1061 erga
782 994 899 1060 regem
922 976 1061 1060 Angliae
1084 985 1120 1042 et
1136 977 1313 1042 defensio-

358 1101 437 1145 nem
460 1080 583 1163 patriae
608 1099 668 1144 cor
689 1097 799 1142 uuum
822 1084 915 1143 esset
937 1083 972 1142 et
993 1078 1109 1142 anima
1131 1096 1214 1155 una,
1241 1097 1312 1142 nou

358 1182 483 1245 fuisset
505 1181 665 1262 princeps
691 1180 756 1243 sub
778 1179 877 1256 caelo,
899 1185 1021 1242 contra
1043 1198 1146 1261 quem
1164 1196 1312 1260 regnum

359 1279 499 1363 Angliae
532 1299 601 1344 uon
627 1278 861 1343 defenderent.
928 1277 1119 1342 Constituit
1140 1284 1313 1360 praeterea

360 1401 423 1444 rex
448 1400 527 1444 cum
552 1379 760 1445 aduersariis
788 1377 912 1442 navale
936 1377 1093 1459 praelium
1119 1397 1313 1455 conserere,

360 1488 400 1544 ut
417 1499 476 1544 eos
501 1480 626 1562 pelago
647 1480 883 1560 submergeret
901 1484 1086 1560 antequam
1104 1485 1313 1543 terram-oc-

360 1587 549 1662 cuparent3
583 1579 734 1644 babebat
760 1596 910 1661 namque
941 1577 1087 1642 classem
1116 1579 1311 1642 uberiorem

360 1699 464 1762 quam
495 1698 557 1743 rex
589 1680 814 1756 Francorum,
843 1677 933 1741 unde
965 1678 1153 1742 maximam
1180 1679 1312 1742 securi·

362 1782 469 1844 tatem
487 1774 645 1862 concepit
660 1778 817 1843 hostibus
832 1777 1036 1842 resistendis

540 1954 590 2018 De
604 1954 738 2018 aduentu
753 1953 944 2039 Puodrebrbi
956 1952 1001 2018 ad
1015 1972 1123 2038 repon.

413 2077 507 2141 Dum
544 2084 660 2142 autem
694 2098 757 2142 rex
788 2076 983 2159 Anglorum
1020 2095 1097 2140 cum
1130 2077 1314 2141 innumera

362 2184 573 2242 armatorum
602 2178 703 2260 copia
725 2177 816 2242 circa
842 2177 1016 2242 maritima
1041 2177 1135 2259 regis
1159 2176 1314 2241 Franco·

361 2297 437 2340 rum
465 2277 726 2360 praestolaretur
751 2277 950 2354 adventum,
975 2277 1217 2361 applicueruut
1242 2277 1313 2341 duo

360 2378 484 2441 fratres
508 2377 551 2441 de
568 2378 691 2442 militia
712 2377 849 2461 Templi
872 2377 964 2461 apud
990 2377 1178 2456 Doveram,
1201 2383 1237 2441 et
1252 2398 1314 2443 ve-

360 2479 493 2542 nientes
511 2478 737 2542 amicabiliter
752 2478 797 2542 ad
814 2497 929 2560 regem
947 2476 1111 2542 dixerunt
1124 2478 1167 2555 ei,
1183 2477 1314 2543 ‘Missi

360 2597 479 2642 sumus
500 2577 545 2641 ad
565 2584 612 2655 te,
631 2577 661 2641 0
683 2598 747 2642 rex
765 2577 1012 2662 potentissime,
1035 2584 1197 2660 exparte
1217 2576 1314 2640 Pan-

361 2677 481 2762 dulphi
514 2676 716 2742 subdiaconi
749 2697 790 2742 ac
822 2677 951 2742 domini
986 2696 1087 2759 papae
1120 2676 1314 2755 familiaris,

360 2779 421 2860 qui
444 2798 507 2860 pro
524 2778 676 2842 utilitate
692 2784 810 2841 vestra
831 2784 867 2841 et
887 2778 985 2859 regni
1005 2777 1114 2842 vestri
1133 2778 1312 2842 vobiscum

361 2878 448 2958 petit
471 2878 599 2941 habere
622 2877 830 2958 colloquium
850 2898 860 2957 3
894 2884 1064 2960 proponet
1090 2877 1181 2940 euim
1204 2897 1313 2960 quan·

361 2978 440 3041 dam
458 2979 522 3042 tibi
547 2978 645 3060 pacis
669 2978 827 3054 sormam,
850 2996 919 3059 qua
943 2975 1074 3059 poteris
1098 2977 1174 3040 Deo
1202 2984 1238 3043 et
1255 2998 1313 3042 ec·

362 3077 476 3141 clesiae
496 3077 721 3155 reconciliari,
745 3078 828 3142 licet
842 3077 878 3140 iu
898 3078 995 3140 curia
1015 3076 1176 3141 Romana
1194 3097 1217 3141 a
1233 3077 1314 3162 jure

362 3178 460 3258 regni
480 3175 619 3259 Angliae
642 3177 861 3262 abjudicatus
880 3177 987 3241 fueris
1006 3184 1043 3241 et
1061 3176 1315 3243 sententialiter

362 3276 634 3340 condemnatus.'
702 3277 782 3342 Rex
809 3298 903 3353 vero,
931 3296 1009 3340 cum
1037 3275 1315 3360 Templariorum

363 3377 470 3441 verba
499 3376 737 3452 intellexisset,
765 3375 873 3462 Jussit
894 3375 1112 3458 Templarios
1144 3396 1315 3442 memora-

363 3483 418 3540 tos
433 3483 576 3559 propter
593 3475 836 3559 Pandulpbum
853 3477 1060 3560 quantocius
1076 3475 1314 3542 transfretare.

362 3575 471 3640 Venit
487 3596 571 3657 ergo
589 3575 829 3659 Pandulphus,
849 3583 890 3640 ut
907 3576 1037 3640 dictum
1056 3583 1123 3653 est,
1144 3577 1315 3642 invitatus
1332 3614 1334 3619 ·

363 3676 407 3739 ad
421 3695 550 3757 regem,
562 3683 598 3739 et
610 3676 702 3759 apud
720 3676 894 3741 Doveram
909 3696 987 3740 cum
1002 3676 1079 3758 ipso
1094 3676 1232 3742 locutus
1248 3686 1316 3756 est,

361 3775 491 3852 dicens,
514 3775 632 3839 ‘Ecce
658 3795 720 3840 rex
749 3777 963 3841 Francorum
991 3776 1251 3857 potentissimus
1277 3780 1315 3842 in

362 3876 452 3939 ostio
478 3875 649 3957 Sequanae
677 3875 828 3940 fluminis
856 3896 934 3940 cum
963 3877 1144 3940 innumera
1172 3878 1315 3942 navium

361 3975 582 4039 multitudine
609 3981 644 4039 et
666 3977 817 4040 maximo
843 3974 1003 4054 militum,
1028 3978 1196 4060 equitum,
1219 3978 1317 4060 pedi-

396 4147 402 4177 ¹
417 4150 632 4214 Borbomdonum.]
653 4146 879 4215 ‘Babamdonam,’
893 4153 923 4201 C.
954 4151 1064 4202 Barbam
1072 4153 1166 4216 Down,
1176 4153 1233 4202 four
1239 4153 1315 4204 miles

359 4220 421 4269 from
434 4219 601 4282 Cauterbury.
