2858 4876
419 410 558 458 rnonss
582 408 853 456 u1sr0n1nauu.
1046 392 1111 456 341

163 566 306 631 tentiam
332 568 537 645 innovavit;
573 567 632 630 sed
660 573 854 648 magnates,
887 567 1050 648 quoniam
1075 569 1110 631 in
1125 580 1179 621 Λ-ῡ·
1195 580 1252 620 1²1⁵·

163 666 360 732 authentico
395 667 522 731 domini
559 687 660 749 papae
695 667 811 730 nullus
847 686 965 731 eorum
999 667 1113 732 fuerat

163 768 365 831 nominatim
385 787 582 850 expressus,
599 767 726 831 dictam
743 768 949 831 sententiam
968 787 1038 830 non
1055 768 1113 831 ob

163 874 342 931 servantes
357 868 495 932 inanem
510 874 544 931 et
562 868 662 951 quasi
678 886 740 949 pro
755 866 862 931 nihilo
880 869 1100 949 reputabant.

238 1042 289 1105 Dc
304 1040 431 1106 concilio
442 1040 582 1127 ycncrcli
595 1063 616 1106 c
625 1063 717 1127 popu
733 1040 910 1106 Innocentio
925 1042 1029 1106 Bone

555 1140 710 1206 cchbrnto.

215 1256 346 1321 Eodem
368 1277 471 1335 anno,
497 1258 531 1321 id
558 1264 621 1336 est,
646 1258 839 1322 Dominicae
863 1259 1112 1325 incarnationis
1126 1276 1250 1316 Therouru

164 1356 343 1421 millesimo
366 1358 601 1422 ducentesimo
625 1357 757 1422 decimo
784 1359 916 1440 quinto,
940 1361 1113 1424 celebrata
1126 1328 1218 1417 iiiiii?

165 1463 219 1520 est
236 1456 359 1521 Romae
384 1465 506 1522 sancta
530 1465 565 1521 et
581 1451 807 1522 ¹universalis
831 1459 984 1542 synodus
1003 1461 1038 1524 in
1057 1479 1112 1523 ec-

164 1557 269 1621 clesia
286 1559 398 1622 sancti
415 1557 619 1635 Salvatoris,
635 1577 713 1639 quae
731 1558 984 1623 Constantiana
997 1560 1115 1643 appel-

165 1658 268 1734 latur,
289 1677 406 1722 mense
421 1657 624 1735 Novembri,
646 1658 852 1740 praesidente
867 1678 959 1741 papa
975 1658 1114 1723 domino

167 1757 370 1821 Innocentio
387 1759 502 1829 tertio,
524 1757 745 1839 pontificatus
769 1757 844 1841 ejus
868 1777 957 1821 anno
981 1758 1115 1824 decimo

165 1864 301 1935 octavo,
326 1859 361 1920 in
383 1877 451 1941 quo
478 1856 615 1920 luerunt
639 1856 790 1939 episcopi
813 1858 1057 1940 quadringenti
1079 1865 1115 1922 et

166 1956 356 2020 duodecim.
410 1957 508 2021 Inter
530 1976 618 2040 quos
638 1957 776 2021 suerunt
792 1957 834 2020 de
853 1957 1037 2040 praecipuis
1053 1977 1115 2039 pa·

166 2056 326 2120 triarcbae
349 2057 429 2134 duo,
454 2056 861 2138 Constantinopolitanus
891 2058 1050 2122 videlicet
1079 2064 1115 2122 et

168 2155 517 2240 Hierosolymitanus.
569 2155 807 2221 Antiochenus
825 2178 907 2222 vero
924 2159 1022 2239 gravi
1038 2158 1114 2221 lan·

165 2276 273 2338 guore
288 2256 447 2321 detentus
461 2257 577 2321 venire
593 2277 660 2320 non
678 2258 803 2339 potuit,
819 2256 879 2321 sed
894 2259 988 2321 misit
998 2278 1061 2340 pro
1077 2277 1115 2322 se

166 2357 331 2420 vicarium
343 2376 441 2420 suum
452 2350 753 2421 ²Anterdidensem
768 2358 988 2440 episcopum3
1007 2357 1115 2422 Alex-

165 2455 330 2520 andrinus
347 2475 429 2520 vero
452 2456 517 2519 sub
540 2454 790 2521 Saracenorum
813 2458 963 2521 dominio
986 2458 1115 2521 consti·

164 2562 262 2620 tutus
280 2554 359 2620 lecit
376 2555 467 2638 quod
487 2555 614 2638 potuit,
636 2558 776 2621 mittens
797 2576 860 2640 pro
878 2577 915 2621 se
933 2557 1115 2620 diaconum

164 2675 366 2738 germanum
380 2675 490 2718 suum.
540 2654 712 2721 Primates
729 2664 844 2720 autem
868 2664 903 2720 et
917 2656 1117 2739 metropoli-

165 2756 238 2819 tani
256 2757 479 2838 septuaginta
494 2762 639 2837 septem,
657 2759 799 2821 abbates
817 2764 852 2820 et
868 2757 1001 2839 priores
1022 2757 1116 2820 ultra

166 2857 397 2937 octingentos,
411 2862 653 2938 procuratores
672 2876 821 2940 quoque,
839 2856 1114 2938 archiepiscopo·

166 2975 256 3024 rum.
277 2956 529 3038 episcoporum,
549 2956 726 3033 abbatum,
749 2956 901 3038 priorum
924 2962 959 3019 et
981 2956 1116 3037 capitu-

166 3054 276 3118 lorum
300 3056 507 3133 absentium,
523 3061 638 3118 certus
654 3076 723 3120 non
741 3055 806 3118 suit
824 3074 997 3118 numerus.
1026 3068 1029 3073 ·
1051 3053 1115 3118 Le-

166 3162 325 3237 gatorum
358 3176 440 3220 vero
473 3155 692 3237 imperatoris
727 3153 1115 3236 Constantinopolitani,

167 3257 260 3337 regis
278 3255 403 3320 Siciliae
422 3257 457 3318 in
483 3255 719 3320 Romanorum
741 3256 982 3337 imperatorem
1003 3253 1115 3330 electi,

166 3357 258 3437 regis
283 3356 452 3432 Franciae,
474 3354 566 3437 regis
581 3353 732 3437 Angliae,
756 3353 963 3435 Hungariae,
987 3351 1115 3417 Hiero·

167 3455 377 3538 solymitani,
402 3455 522 3541 Cypri,
551 3452 783 3535 Arragonum,
806 3472 938 3517 necnon
970 3452 1114 3517 aliorum

167 3555 358 3637 principum
391 3562 426 3620 et
454 3561 667 3636 magnatum,
691 3553 871 3619 civitatum
895 3552 998 3617 etiarn
1029 3551 1117 3616 alio·

169 3673 312 3736 rumque
332 3655 499 3733 locorum,
519 3656 640 3736 ingens
664 3654 775 3718 adfuit
797 3651 994 3717 multitudo.
1047 3650 1116 3715 His

168 3754 326 3817 omnibus
352 3756 574 3837 congregatis
602 3755 637 3817 in
664 3755 740 3819 loco
766 3753 925 3837 praesato,
953 3759 988 3816 et
1009 3750 1117 3835 juxta

169 3872 296 3916 morem
317 3854 540 3917 conciliorum
566 3854 777 3933 generalium
798 3856 835 3918 in
850 3855 923 3918 suis
940 3851 1117 3916 ordinibus

212 4001 385 4055 ¹Unicersulis
407 4005 549 4070 synodon]
576 4006 630 4054 The
690 4001 917 4054 'Anterdidcusem
943 4000 1117 4065 episcopum]

167 4075 251 4124 fourth
263 4076 493 4138 Laterancounci13
510 4075 631 4125 secHar·
657 4075 742 4137 Peter,
762 4075 852 4136 bishop
872 4073 902 4122 ol'
916 4071 1072 4132 Antaradus,
1090 4084 1119 4119 or

168 4146 409 4215 duin,vii.col.15.
655 4145 770 4263 fficsa,
792 4146 818 4193 in
840 4145 882 4193 the
900 4143 1000 4191 diocese
1020 4139 1050 4188 ol
1065 4141 1118 4193 An·
