2858 4876
310 387 376 452 234
563 405 697 450 aoennr
722 405 769 451 nu
792 403 1001 451 wnnnovna

148 578 202 618 an.
215 581 270 619 1210.
303 562 523 645 judicarent3
551 563 754 644 praefecerat
780 570 895 626 autem
920 562 1051 625 ibidem.
1061 562 1084 626 J
1087 562 1258 626 ohannem

308 661 350 725 de
374 661 483 744 Gray,
501 663 700 744 episcopum
718 662 988 739 Norwicensem,
1012 662 1260 745 justiciarium,

308 762 368 843 qui
390 761 568 825 denarium
585 769 686 826 terrae
708 763 803 826 illius
820 762 864 825 ad
884 762 1018 844 pondus
1041 763 1259 826 numismatis

308 859 447 942 Angliee
478 862 608 925 fecerat
639 861 812 938 fabricari,
837 869 967 925 ettam
990 862 1129 925 obolum
1153 881 1259 944 quam

308 961 535 1042 quadrantem
551 961 736 1025 rotundum
753 961 828 1024 fieri
842 963 1019 1044 praecepit.
1047 961 1070 1025 J
1073 961 1161 1025 ussit
1172 980 1258 1044 quo·

309 1080 377 1142 que
404 1081 478 1138 rex,
507 1068 547 1124 ut
570 1061 664 1124 illius
689 1067 837 1124 monetae
863 1080 947 1124 usus
972 1061 1104 1124 tamin
1129 1060 1259 1142 Anglia

309 1180 412 1242 quam
436 1160 473 1222 in
496 1160 666 1225 Hibernia
687 1161 877 1225 communis
904 1162 948 1224 ab
970 1161 1258 1224 omnibus-habe·

309 1267 415 1338 retur,
439 1266 474 1323 et
496 1261 677 1343 utriusque
699 1261 798 1343 regni
826 1260 987 1324 denarius
1022 1261 1059 1323 in
1086 1259 1259 1324 thesauris

306 1361 381 1422 suis
403 1359 637 1423 indifferenter
651 1367 848 1442 poneretur.
899 1360 955 1423 De
976 1359 1041 1423 hae
1066 1367 1182 1423 autem
1204 1381 1258 1424 ro-

309 1460 480 1523 tunditate
523 1460 562 1523 M
565 1459 694 1523 erlinus
735 1467 834 1524 vates
872 1459 1093 1542 prophetarit
1126 1458 1258 1536 dicens,

306 1553 514 1623 ‘Findetur¹
532 1559 642 1623 forma
657 1560 863 1634 commercii,
875 1559 1052 1623 dimidium
1068 1558 1255 1622 rotundum

308 1657 395 1722 erit'
447 1659 515 1722 His
536 1660 587 1723 ita
609 1661 729 1741 gestis,
746 1679 808 1724 rex
825 1660 862 1722 in
883 1678 988 1721 manu
1010 1659 1091 1723 forti
1113 1677 1257 1740 progre-

308 1759 405 1822 diens
420 1759 512 1841 cepit
529 1759 695 1842 plurimas
711 1759 862 1823 hostium
877 1778 1018 1822 suorum
1034 1758 1257 1836 munitioneS,

307 1859 518 1940 fugientibus
539 1878 561 1922 a
580 1859 667 1923 facie
687 1859 762 1942 ejus
784 1853 960 1923 ²Waltero
979 1858 1022 1922 de
1043 1857 1158 1935 Lasci,
1180 1859 1256 1922 viro

308 1960 427 2036 nobili,
442 1979 519 2023 eum
542 1959 619 2023 aliis
641 1959 771 2036 multis,
795 1960 855 2042 qui
869 1959 905 2021 in
927 1978 1050 2022 manus
1071 1959 1147 2041 ejus
1169 1959 1256 2022 inci-

307 2059 388 2124 dere
402 2061 612 2124 metuebant.
664 2059 819 2123 Tandem
835 2059 977 2147 venierp
991 2059 1027 2123 in
1042 2058 1256 2141 provinciam

307 2160 457 2240 regionis
482 2161 588 2236 illius,
615 2180 693 2242 quae
715 2154 830 2223 ³Mide
856 2166 1087 2243 nuncupatur,
1110 2179 1255 2222 uxorem

308 2259 473 2323 Willelmi
507 2260 549 2323 de
576 2261 720 2338 Brause,
747 2267 782 2323 et
807 2259 1021 2325 Willelmum
1048 2258 1156 2322 filium
1180 2259 1256 2342 ejus

306 2377 384 2421 cum
401 2379 510 2423 uxore
528 2379 603 2436 sua,
619 2361 655 2423 in
679 2360 829 2441 quadam
851 2359 1042 2423 munitione
1064 2358 1200 2423 obsedit
1222 2367 1257 2423 et

305 2460 408 2540 cepit,
423 2460 638 2542 vinculisque
652 2460 858 2524 constrictos
873 2459 1070 2541 asperrimis
1086 2458 1180 2523 misit
1197 2479 1258 2523 eos

305 2557 340 2619 in
357 2557 523 2640 Angliam
550 2567 593 2633 ,et
615 2559 651 2622 in
673 2559 816 2623 castello
839 2560 882 2622 de
901 2557 1163 2624 Windlesbores
1192 2560 1256 2622 sub

306 2666 402 2722 arcta
425 2659 583 2723 custodia
605 2659 794 2741 deputavit.
847 2659 928 2722 Rex
950 2658 1097 2740 denique
1120 2658 1143 2722 J
1146 2658 1256 2722 ohan·

306 2777 379 2836 ueS,
396 2778 475 2822 cum
498 2759 534 2821 in
557 2765 656 2840 parte
679 2760 832 2821 maxima
849 2759 891 2822 de
914 2764 989 2821 tota
1008 2757 1179 2821 Hibernia
1193 2778 1257 2840 pro

305 2857 404 2920 libitu
429 2878 492 2921 suo
514 2857 752 2940 disposuisset,
776 2875 882 2922 naves
905 2878 982 2922 cum
1006 2857 1181 2940 triumpho
1202 2859 1257 2920 in·

304 2976 445 3037 gressus
475 2959 511 3021 in
541 2957 706 3040 Angliam
737 2957 905 3039 applicuit
931 2965 1056 3039 quarto
1085 2955 1254 3021 kalendas

305 3055 538 3138 Septembris3
571 3058 693 3121 deinde
717 3057 915 3122 Londonias
938 3077 1016 3120 cum
1032 3056 1255 3122 festinatione

304 3175 493 3238 properans
522 3158 604 3221 fecit
630 3177 749 3221 omnes
771 3156 908 3240 Angliae
937 3157 1100 3239 praelatos
1127 3157 1163 3220 in
1189 3177 1255 3222 sua

304 3258 490 3336 praesentia
512 3259 707 3322 convenire.
753 3257 934 3322 Venerunt
956 3264 1070 3320 autem
1094 3256 1138 3319 ad
1164 3256 1255 3322 banc

304 3357 500 3437 generalem
517 3358 733 3422 vocationem
760 3359 914 3435 abbates,
936 3358 1080 3439 priores,
1103 3358 1256 3421 abbatis·

304 3475 365 3533 sae,
397 3456 595 3538 Templarii,
628 3456 871 3538 Hospitalarii,
902 3458 1062 3521 custodes
1093 3457 1254 3521 villarum

305 3556 435 3619 ordinis
457 3556 695 3620 Cluniacensis
718 3564 753 3620 et
769 3557 913 3620 aliarum
937 3558 1114 3639 regionum
1139 3562 1254 3620 trans-

304 3657 525 3733 marinarum,
537 3657 786 3740 cujuscumque
801 3656 982 3740 dignitatis
996 3665 1032 3721 et
1042 3656 1185 3734 ordiniS,
1196 3659 1256 3739 qui

304 3775 422 3819 omnes
453 3756 496 3819 ad
524 3764 594 3820 tam
626 3777 767 3838 gravem
795 3757 962 3840 compulsi
991 3764 1072 3821 sunt
1095 3756 1253 3840 redemp-

303 3857 431 3919 tionem
445 3876 486 3919 ac
501 3876 614 3920 rerum
630 3858 941 3922 ecclesiasticarum
958 3856 1254 3939 dilapidationem,

338 4057 345 4086 ¹
356 4060 478 4108 Findetar·
486 4055 510 4127 ;]
530 4061 555 4108 in
566 4062 616 4109 vol.
629 4061 646 4108 i.
658 4076 684 4121 p.
697 4064 737 4110 24.
826 4055 936 4128 ³Mide.]
955 4060 1055 4121 County
1064 4059 1094 4108 oi
1102 4060 1200 4109 Meatlr.

303 4125 465 4247 Ulztlelgultero
479 4132 508 4178 de
528 4125 632 4197 Lusci‚]
662 4131 714 4179 eorl
738 4130 768 4178 of
