2858 4876
310 396 362 467 40
566 414 699 463 uocum
725 413 772 462 nu
795 411 1002 462 wennovmr

151 595 207 637 sn.
218 595 275 636 11⁹1·
315 591 405 655 nem,
419 582 460 640 ut
476 576 512 639 in
531 575 756 659 sequentibus
776 571 921 650 dicetur,
937 570 1120 655 plurimum
1140 566 1286 633 redon--

315 678 425 744 davit.

621 777 709 841 Noto
723 772 860 861 eclipsim
874 771 959 838 solie.

154 910 269 960 &need
368 903 499 967 Eodem
525 919 629 979 anno,
656 919 774 964 mense
800 892 911 976 Junii,
942 897 979 961 in
1005 894 1126 978 vigilia
1154 894 1278 959 sancti

316 1003 489 1070 Iohannis
511 1001 695 1085 Baptistae,
721 999 777 1064 die
800 998 995 1076 Dominico,
1021 995 1159 1081 eclipsis
1184 994 1277 1059 solis

318 1088 481 1188 apparuit
500 1094 610 1166 ¹circa
625 1102 747 1165 horam
768 1100 836 1165 diei
857 1105 991 1163 sextam
1012 1105 1048 1162 et
1067 1096 1277 1181 perduravit

318 1209 429 1289 usque
443 1202 487 1267 ad
504 1202 623 1267 horam
640 1208 813 1279 octavam,
828 1201 912 1264 luna
925 1199 1092 1282 vigesima
1109 1197 1277 1281 septima,

319 1305 391 1371 sole
405 1305 442 1368 in
461 1303 562 1387 signo
579 1303 695 1368 canori
712 1303 896 1366 existente.

153 962 192 1003 tbe
199 971 248 1004 suu.

326 1527 330 1533 .
364 1478 421 1544 ‘Ut
434 1499 488 1544 rac
503 1476 685 1544 Richorcbm
701 1471 876 1564 ²[oooem]‚
893 1496 987 1562 quom
1002 1471 1210 1541 drommedart
1271 1531 1276 1538 .

651 1576 823 1664 appellent,
841 1577 930 1663 emit.

325 1712 329 1720 ’
383 1707 486 1773 Circa
512 1707 585 1772 dies
620 1709 707 1773 istos
741 1728 805 1771 rex
841 1707 1054 1771 Francorum
1085 1699 1278 1788 Philippus

318 1797 519 1873 duodecimo
540 1807 709 1873 kalendas
732 1805 864 1892 Aprilis
892 1805 986 1891 apud
1010 1804 1134 1871 thon
1158 1805 1278 1888 appli⁴

319 1903 404 1986 cuit,
431 1928 533 1992 quem
558 1929 621 1974 rex
650 1908 847 1974 Richardus
872 1914 1013 1973 secutus
1035 1926 1114 1970 oum
1139 1925 1277 1988 magna

318 1998 521 2083 riotualium
549 2011 651 2092 copia
675 2009 766 2092 apud
793 2008 948 2093 Cyprum
971 2026 1078 2072 naves
1099 2005 1275 2071 ascendit.

317 2100 493 2190 Audious³
511 2117 627 2174 autem
645 2111 835 2175 exercitum
855 2108 985 2173 domini
1002 2108 1094 2190 regis
1115 2107 1280 2171 Franco-a

318 2199 396 2274 rum
409 2230 537 2293 magna
553 2210 644 2275 fame
660 2217 697 2274 et
712 2210 828 2275 inedia
838 2199 1002 2274 'laborare
1019 2207 1112 2293 apud
1129 2205 1275 2287 Achou,

318 2312 370 2376 ita
393 2314 434 2376 ut
456 2312 631 2377 sextarius
651 2311 814 2375 frumenti
832 2311 1019 2392 sexaginta
1037 2309 1162 2373 mareis
1185 2327 1278 2373 ven-

318 2399 469 2488 deretur,
486 2413 621 2477 onustis
643 2413 790 2476 navibus
811 2410 930 2474 multis
952 2410 1191 2474 alimentorum
1209 2428 1277 2474 co-

318 2512 398 2599 piis,
414 2519 523 2577 tautae
538 2512 730 2577 calamitati
751 2511 965 2595 miseriaque
982 2529 1181 2575 succurrere
1194 2528 1276 2574 ma·

318 2613 471 2693 turavit3
498 2612 559 2696 qui
585 2613 667 2677 dum
690 2632 856 2696 prospero
878 2618 1060 2677 ventorum
1082 2602 1168 2675 flatu
1191 2630 1278 2675 ver.

318 2730 379 2778 sus
395 2709 533 2791 Achon,
551 2733 630 2797 quae
650 2713 774 2778 civitas
795 2713 939 2796 antiquo
959 2710 1129 2777 vocabulo
1148 2710 1275 2776 Ptolo-

318 2812 434 2877 maida
448 2813 639 2892 dicebatur,
653 2813 733 2878 vela
748 2813 924 2895 dirigeret,
938 2821 1063 2878 octavo
1080 2812 1156 2877 idus
1169 2810 1193 2876 J
1196 2813 1274 2877 unii

319 2915 481 2996 apparuit
492 2913 523 2977 ei
536 2915 636 2978 navis
648 2914 806 2997 quaedam
818 2914 1043 2997 permaxima,
1056 2932 1161 2997 quam
1173 2905 1277 2977 *dro-

317 3013 481 3092 mundam
508 3014 697 3098 appellant,
710 3003 829 3078 ¹missa
859 3033 880 3078 a
911 3014 1134 3093 Salahadino,
1162 3013 1274 3092 fratre

319 3102 508 3191 Salaadini,
526 3113 676 3180 Soldano
694 3115 899 3198 Babyloniae
913 3115 956 3179 de
973 3115 1115 3179 civitate
1130 3114 1275 3179 Baruch

318 3213 494 3278 immensis
513 3214 640 3280 referta
661 3215 803 3293 divitiis,
826 3235 905 3299 quae
930 3216 1079 3279 obsessis
1099 3215 1190 3279 infra
1211 3234 1274 3279 ura

319 3315 396 3378 bem
421 3313 544 3378 Achon
574 3317 720 3397 paganis
746 3336 847 3399 opem
878 3326 953 3380 erat
983 3316 1160 3395 allatura3
1194 3323 1274 3382 erat

324 3484 466 3554 -,¹Circu.]
479 3490 647 3555 Ooggeshnle,
660 3495 708 3544 col.
722 3499 779 3547 817,
804 3509 821 3544 a
832 3495 929 3544 minute
945 3497 1053 3543 account
1068 3493 1098 3543 of
1110 3493 1161 3544 this
1177 3493 1275 3558 actium

320 3557 443 3629 benedict
459 3561 505 3610 hus
521 3563 607 3613 ‘circa
622 3563 709 3614 horam
726 3565 779 3614 diei
804 3580 831 3627 p.
845 3569 901 3617 329.
936 3564 990 3614 The
1005 3565 1126 3614 numbers
1140 3580 1173 3614 ou
1188 3565 1273 3615 bonrd

318 3641 409 3677 nonem
420 3635 446 3679 et
456 3632 558 3682 duravit
566 3649 612 3696 per
617 3639 668 3684 tres
679 3635 754 3685 horas
764 3630 779 3696 ;’
805 3635 848 3685 the
858 3634 971 3683 Turkish
985 3636 1068 3685 ressel
1085 3649 1128 3683 are
1140 3635 1272 3697 variously

318 3713 345 3760 p.
357 3702 415 3748 656.
804 3704 935 3769 reported3
953 3705 1055 3767 Diome,
1065 3704 1113 3755 col.
1125 3709 1189 3766 6613
1207 3705 1274 3754 Ber·

325 3803 327 3807 Α
352 3764 499 3834 ²Nuvem.]
528 3771 560 3822 In
582 3772 624 3823 the
647 3775 705 3826 MS.
728 3780 780 3825 two
804 3775 1141 3827 nard.Thesaur.col.809.

317 3835 403 3888 leaves
429 3854 472 3889 ara
498 3840 557 3892 bere
578 3846 712 3908 muntium
737 3844 779 3895 the
840 3840 1059 3915 ⁴mammutium]
1077 3847 1125 3898 See
1143 3845 1274 3908 Neubrig.

317 3911 372 3956 text
386 3907 433 3957 has
449 3911 512 3960 been
528 3915 647 3976 supplied
661 3916 725 3965 from
737 3917 779 3965 the
804 3920 880 3979 notes,
901 3932 927 3978 p.
945 3919 1003 3967 637,
1058 3917 1182 3966 Benedict
1204 3917 1272 3966 calls

317 3976 412 4027 edition
423 3979 452 4029 of
460 3985 533 4043 1684,
542 3985 652 4035 collated
663 3986 726 4035 with
737 3988 779 4036 the
805 3987 846 4037 the
873 3987 957 4036 rossel
983 3987 1094 4036 ‘buseio
1110 3981 1128 4046 ;'
1156 3986 1271 4038 Devizos

315 4048 419 4129 various
437 4051 555 4116 readings
574 4055 600 4103 in
619 4056 661 4105 the
679 4057 780 4118 printed
805 4071 865 4119 says
880 4057 910 4106 ot‘
923 4058 953 4118 it,
968 4057 1032 4120 that,
1047 4058 1137 4120 saving
1152 4057 1195 4107 the
1210 4057 1272 4121 urk,

316 4117 420 4169 0d1fi0n·
672 4159 674 4163 ψ
805 4142 881 4177 never
894 4127 945 4177 had
963 4128 1026 4177 been
1036 4128 1115 4178 heard
1122 4126 1151 4178 ol
1159 4142 1187 4178 so
1195 4127 1270 4191 large

350 4185 500 4256 Uestiam]
521 4194 632 4245 Viusaui
644 4195 691 4246 has
704 4196 778 4259 given
803 4196 989 4260 uship,p.49.
1111 4255 1113 4260 ἱ
1256 4216 1261 4224 ’
