2858 4876
411 394 549 444 neonus
574 395 842 445 nrsronmnou.
1035 384 1101 448 225

149 551 282 616 nientes
300 552 438 618 tandem
458 555 502 619 ad
519 554 731 619 Willelmum
752 557 794 620 de
819 556 965 634 Brause,
987 558 1098 621 virum
1110 571 1244 612 A·1>-¹²⁰⁸·'

150 653 312 730 nobilem,
329 662 365 719 et
381 655 517 719 obsides
534 656 577 719 ab
596 676 649 730 eo,
667 657 757 719 sicut
775 657 819 720 ab
839 657 916 750 aliis
934 657 1098 735 fecerant,

150 754 343 835 exigentes,
360 755 399 818 M
402 755 529 833 atildis,
545 774 635 818 uxor
651 756 805 840 ejusdem
823 756 1003 835 Willelmi,
1017 778 1098 840 pro·

151 853 299 918 cacitate
332 855 491 920 muliebri
523 856 667 919 verbum
701 857 838 938 rapiens
868 876 913 920 ex
944 875 1005 921 ore
1032 859 1098 922 viri

149 954 280 1017 nuntiis
302 954 491 1036 respondit,
513 954 674 1019 ‘Pueros
697 975 792 1019 meos
819 956 959 1020 domino
980 964 1098 1022 vestro

149 1053 224 1135 regi
239 1052 393 1117 Johanni
413 1074 483 1118 non
505 1055 652 1131 tradam,
674 1054 757 1137 quia
774 1054 966 1119 Arthurum
989 1077 1097 1139 nepo·

149 1159 219 1216 tem
240 1172 354 1230 suum,
373 1173 474 1235 quem
497 1153 682 1218 honorifice
704 1155 896 1219 custodisse
919 1156 1097 1235 debuerat,

149 1253 296 1335 turpiter
315 1252 510 1319 interfecit?
561 1254 664 1334 Quod
686 1255 829 1318 verbum
851 1274 929 1319 cum
946 1256 1000 1321 vir
1021 1256 1097 1340 ejus

149 1352 313 1428 audisset,
339 1353 531 1436 increpavit
557 1372 633 1418 cam
663 1360 699 1417 et
721 1354 822 1433 dixit,
854 1354 995 1434 ‘Quasi
1027 1375 1098 1420 una
1152 1359 1155 1365 '

148 1472 192 1517 ex
220 1452 337 1517 stultis
363 1453 562 1518 mulieribus
589 1460 710 1518 contra
737 1453 912 1518 dominum
941 1463 1097 1520 nostrum

149 1572 264 1634 regem
293 1552 411 1617 locuta
439 1572 501 1633 es3
536 1573 629 1631 nam,
652 1553 681 1617 si
711 1554 824 1637 ipsum
846 1552 883 1616 in
905 1555 1023 1637 aliquo
1045 1554 1097 1620 of-

146 1652 254 1731 fendi,
285 1661 428 1737 paratus
457 1672 535 1716 sum
564 1660 599 1717 et
620 1672 679 1717 ero
701 1653 839 1718 domino
861 1673 938 1718 meo
965 1662 1001 1719 et
1022 1656 1097 1719 sine

147 1751 323 1817 obsidibus
352 1752 564 1831 satisfacere,
586 1751 772 1817 secundum
793 1753 963 1837 judicium
990 1756 1094 1819 curiae

147 1872 220 1917 suae
242 1860 276 1917 et
291 1852 460 1917 baronum
481 1854 615 1936 parium
637 1872 803 1930 meorum,
819 1861 915 1918 certo
933 1853 1018 1917 mihi
1039 1873 1095 1917 as-

146 1953 285 2034 signato
302 1952 358 2016 die
375 1960 410 2017 et
425 1952 526 2018 1000!
578 1952 704 2017 Nuntii
718 1960 833 2017 autem
849 1953 894 2016 ad
908 1972 1024 2034 regem
1042 1973 1095 2018 re-

147 2052 250 2130 versi,
267 2072 345 2116 cum
363 2053 395 2116 ei
411 2071 489 2134 quae
510 2052 691 2117 audierant
706 2051 917 2130 retulissent,
933 2072 996 2117 rex
1016 2073 1097 2134 gra-

147 2153 237 2217 viter
256 2153 478 2236 perturbatus
497 2152 590 2217 misit
606 2152 733 2216 milites
753 2171 835 2217 suos
855 2158 891 2215 et
907 2153 1096 2218 servientes

147 2252 307 2328 latenter,
326 2251 386 2335 qui
406 2252 520 2334 ipsum
537 2251 750 2316 Willelmum
770 2270 848 2316 cum
869 2258 946 2317 tota
964 2252 1097 2317 familia
1137 2264 1142 2269 “

146 2371 211 2416 sua
243 2351 570 2435 comprehenderent
605 2358 640 2415 et
671 2351 737 2415 sibi
772 2352 836 2415 sub
871 2351 963 2415 omni
999 2351 1096 2416 festi·

146 2451 286 2516 natione
314 2458 592 2534 praesentarant3
626 2450 686 2515 sed
715 2451 806 2516 idem
828 2450 1025 2515 Willelmus
1051 2453 1096 2516 ab
1120 2478 1125 2488 ·

147 2550 266 2615 amicis
288 2551 360 2616 suis
383 2550 607 2633 praemonitus
629 2569 707 2615 cum
732 2569 842 2614 uxore
868 2569 931 2614 sua
959 2556 994 2613 et
1015 2550 1119 2616 filiis·

147 2659 183 2716 et
205 2650 409 2735 propinquis
440 2650 485 2714 ad
519 2650 725 2714 Hiberniam
753 2649 898 2730 aufugit.
965 2649 1096 2714 Eodem

147 2769 239 2815 anno
257 2750 327 2815 albi
346 2748 504 2814 monachi
523 2749 559 2812 in
575 2749 745 2833 principio
764 2749 939 2813 interdicti
959 2768 1096 2813 cessan-

147 2857 213 2927 tes,
232 2857 355 2934 postea
373 2850 418 2914 ad
438 2849 640 2914 mandatum
662 2848 799 2913 abbatis
820 2849 875 2912 sui
896 2848 1096 2931 principalis

146 2949 265 3014 divina
283 2950 456 3015 celebrare
474 2954 791 3032 praesumpserunt3
818 2948 891 3024 sed,
913 2946 987 3011 haec
1009 2967 1097 3030 prae-

146 3049 299 3132 sumptio
319 3069 398 3114 cum
422 3048 465 3113 ad
494 3048 617 3111 summi
638 3047 811 3130 pontificis
835 3045 991 3110 notitiam
1019 3067 1097 3130 per-

145 3149 311 3227 venisset,
342 3148 386 3214 ad
421 3147 588 3231 majorem
624 3148 678 3212 sui
712 3145 948 3210 confusionem
982 3147 1095 3215 denuo

142 3255 227 3314 sunt
242 3247 412 3332 suspensi.

229 3444 272 3512 Ut
285 3466 339 3511 rec
355 3447 531 3535 Araplcrum
548 3446 659 3514 Othoni
677 3447 779 3532 nepoti
794 3467 848 3510 suo
862 3467 1008 3532 moenum

459 3548 628 3632 pecaniam
644 3546 773 3610 miserit.

196 3690 300 3758 Anno
316 3695 460 3759 Domini
474 3712 603 3760 mcclx.
626 3715 689 3759 rex
708 3696 901 3777 Anglorum
917 3694 940 3762 J
943 3694 1096 3759 ohannes
1108 3711 1163 3752 nn
1174 3713 1230 3752 1209.

146 3791 189 3856 ad
202 3792 320 3857 natale
334 3794 476 3859 Domini
493 3794 559 3858 fuit
576 3796 668 3877 apud
685 3794 887 3859 Bristollum
901 3801 936 3858 et
951 3795 998 3858 ibi
1017 3814 1095 3878 cap-
1107 3762 1223 3900 §trinum

93 3888 95 3892 ’
145 3898 259 3955 turam
277 3893 392 3957 avium
408 3914 470 3977 per
485 3901 594 3958 totam
611 3894 777 3977 Angliam
792 3893 984 3959 interdixit
1025 3895 1143 3959 ne-mo
1108 3921 1190 3961 moeni·

143 3990 224 4055 inde
241 3992 393 4056 venitm
415 3992 579 4075 Angliam
600 3994 672 4057 dux
696 3994 834 4058 Suaviae
857 3993 1032 4059 chricus
1050 4014 1095 4056 ex

143 4098 243 4174 parte
272 4091 433 4170 Othonis,
467 4094 558 4174 regis
585 4092 868 4171 Alemannorum,
901 4093 945 4157 ad
981 4112 1094 4173 regem

193 4230 273 4277 VOL.
290 4230 343 4277 111.
922 4233 944 4292 Q
