2858 4876
327 388 394 452 376
580 400 715 449 nouum
738 401 786 448 nu
809 400 1017 448 wnunovnn

166 575 224 616 Ab
225 574 291 665 2²¹⁰
330 560 459 644 genita.
512 557 570 624 Ad
595 559 669 624 haec
697 559 810 622 nuntii
837 559 1010 635 dixerunt,
1035 556 1141 621 ‘Filii
1163 554 1280 620 fratris

168 676 208 716 off
201 635 276 715 itio
331 683 400 727 non
421 661 547 726 debent
566 659 749 724 succedere
769 678 814 722 ex
836 678 906 742 quo
926 666 1080 741 tempore
1100 657 1182 721 latae
1204 675 1280 720 sen-

167 724 306 825 iiti'ripnii}
331 763 450 828 tentiae
477 760 584 824 frater
611 779 681 822 non
706 760 859 833 vivebat,
889 761 1000 824 etita
1029 759 1156 841 nuptie,
1182 775 1282 820 soror

170 826 234 866 mh
331 864 463 928 scilicet
488 859 644 934 Arthuri,
667 879 736 923 non
759 859 861 923 debet
888 859 1084 935 succedere,
1105 858 1189 941 quia
1210 875 1280 920 non
1330 931 1332 934 Α

332 961 448 1027 estin
479 960 572 1024 linea
599 959 832 1037 descendenti,
858 978 936 1024 cum
961 960 1008 1024 sit
1037 959 1110 1023 filia
1138 956 1281 1036 fratris;

331 1062 490 1128 similiter
512 1068 665 1143 tempore
688 1061 769 1124 latae
794 1061 976 1124 sententiae
997 1068 1108 1124 mater
1131 1057 1282 1123 Othonis

331 1182 401 1227 non
422 1162 573 1238 vivebat,
598 1180 681 1242 ergo
704 1180 772 1224 uon
794 1161 971 1236 successit
993 1180 1079 1243 ergo
1095 1158 1189 1225 Otho
1211 1177 1282 1221 non

332 1263 434 1327 debet
458 1261 664 1338 succedere;
697 1260 757 1324 sed
788 1261 910 1342 regina
941 1260 1105 1325 Castellae
1129 1259 1283 1334 vivebat,

332 1383 410 1446 quae
430 1381 530 1426 soror
551 1368 638 1438 erat,
664 1369 699 1424 et
718 1360 795 1425 ideo
820 1362 999 1439 successit,
1025 1380 1121 1443 ergo,
1144 1365 1283 1423 mortua

333 1464 452 1545 regina
479 1460 654 1538 Castellae,
678 1461 793 1544 proles
817 1460 892 1544 ejus
917 1463 1084 1525 successit
1106 1468 1142 1524 et
1163 1478 1285 1524 succe·

333 1564 413 1627 dere
430 1563 579 1648 debuit(
622 1558 678 1626 Ad
696 1562 762 1625 hoc
783 1560 867 1625 dicit
883 1579 987 1643 papa,
1006 1561 1098 1644 quod
1115 1580 1179 1624 rex
1197 1559 1285 1624 Cas-

335 1663 427 1727 tellae
458 1662 641 1726 succedere
674 1662 787 1738 debet,
816 1661 898 1744 quia
927 1662 1103 1726 masculus
1135 1668 1200 1737 est,
1227 1659 1284 1724 vel

335 1763 455 1845 regina
475 1760 667 1843 Legionum
686 1770 851 1845 tanquam
868 1762 1110 1845 primogenita.
1158 1759 1285 1825 Nuntii

335 1863 511 1939 dixerunt,
540 1862 632 1944 quod
663 1882 740 1926 cum
770 1862 887 1944 piures
921 1863 991 1926 sint
1019 1862 1187 1939 haeredes,
1224 1861 1286 1943 qui

335 1963 439 2031 alicui
466 1961 592 2026 debent
617 1961 811 2038 succedere,
836 1968 871 2025 et
891 1963 962 2041 ille,
987 1963 1047 2046 qni
1076 1963 1188 2046 primo
1208 1961 1285 2024 loco

336 2064 438 2126 debet
464 2062 658 2140 succedere,
690 2069 805 2126 taceat
829 2062 885 2126 vel
918 2063 1157 2128 haereditatem
1189 2061 1286 2125 adire

337 2162 505 2244 negligat,
531 2162 589 2225 ille
615 2163 675 2245 qui
700 2162 823 2226 ultimo
848 2162 925 2227 loco
950 2171 1013 2241 est,
1036 2164 1066 2228 si
1091 2163 1169 2228 vult
1189 2161 1287 2225 adire

337 2262 587 2339 haereditatem,
611 2262 767 2326 investiri
791 2260 894 2326 debet
916 2262 1117 2328 haereditate
1140 2263 1202 2326 illa
1231 2281 1288 2325 se·

338 2363 487 2427 cundum
519 2363 801 2427 consuetudinem
833 2363 1072 2446 approbatam,
1107 2363 1206 2428 salvo
1234 2370 1288 2426 ta-

339 2483 417 2525 men
445 2463 526 2546 jure
554 2463 698 2535 alterius
722 2463 752 2525 si
774 2462 1034 2542 reclamaverit3
1064 2471 1099 2528 et
1122 2463 1200 2526 ideo
1227 2463 1289 2526 do-

338 2563 453 2626 minus
495 2561 700 2627 Lodowicus
739 2562 848 2626 intrat
886 2583 1032 2644 regnum
1067 2561 1208 2645 Angliae
1247 2570 1289 2627 ut

339 2681 450 2740 suum,
484 2669 532 2739 et,
563 2663 592 2726 si
623 2663 701 2745 quis
729 2661 953 2746 propinquior
981 2663 1064 2727 velit
1090 2683 1195 2745 super
1222 2663 1288 2728 hoc

339 2761 538 2839 reclamare,
559 2761 717 2825 dominus
741 2760 947 2826 Lodowicus
969 2762 1072 2828 saciet
1091 2762 1171 2827 inde
1194 2763 1289 2847 quod

338 2858 452 2924 debet.

482 3032 588 3098 Tertia
602 3033 723 3120 objectio
738 3043 845 3102 contro
856 3012 954 3124 'racem
969 3037 1153 3106 Joiaman.

391 3156 490 3221 Tunc
512 3158 602 3223 dixit
624 3179 728 3243 papa,
751 3164 843 3244 quod
865 3182 1010 3246 regnum
1027 3164 1166 3250 Angliae
1188 3189 1290 3235 suum

341 3257 519 3339 proprium
541 3265 606 3337 est,
629 3267 665 3324 et
687 3268 740 3325 est
766 3263 802 3325 in
829 3265 1047 3346 possessione
1072 3267 1214 3333 dominii
1235 3290 1291 3335 ra·

342 3357 436 3425 tione
458 3357 647 3437 fidelitatis,
670 3380 748 3443 quae
771 3382 875 3445 super
897 3363 962 3428 hoc
984 3373 1037 3430 est
1054 3368 1086 3430 ei
1110 3368 1204 3433 facta
1228 3390 1292 3452 per

336 3455 586 3539 juramentum,
609 3468 645 3523 et
661 3461 765 3526 etiam
782 3464 916 3527 ratione
931 3483 1067 3543 census,
1085 3469 1145 3550 qui
1166 3468 1241 3552 jam
1259 3471 1291 3534 ei

341 3555 476 3619 solutus
499 3565 553 3623 est
567 3559 609 3622 de
629 3579 760 3641 regno;
788 3563 887 3639 unde,
908 3583 985 3628 cum
1010 3566 1046 3628 in
1066 3567 1161 3632 nullo
1181 3568 1291 3634 delin-

342 3663 474 3738 queret,
499 3678 569 3721 non
592 3659 732 3724 deberet
759 3661 825 3726 sibi
848 3683 992 3727 werram
1014 3685 1153 3731 movere
1177 3668 1292 3735 Lodo-

342 3756 461 3832 wicus,
477 3777 540 3821 nec
560 3758 699 3824 deberet
717 3780 794 3825 eum
812 3763 962 3845 spoliare
985 3784 1006 3828 a
1028 3785 1135 3847 regno
1151 3766 1292 3851 Angliae

340 3875 403 3937 per
431 3876 585 3935 werram,
618 3861 768 3924 maxime
796 3882 873 3926 cum
899 3883 960 3927 rex
988 3863 1128 3946 Angliae
1164 3870 1293 3934 multas

340 3953 467 4021 babeat
490 3964 600 4022 terras
618 3960 654 4023 in
671 3959 771 4025 feodo
794 3964 885 4044 regis
910 3963 1080 4043 Franciae‚
1103 3966 1145 4030 de
1167 3969 1295 4049 quibus

339 4063 455 4136 potest
467 4058 498 4121 ei
514 4078 653 4122 movere
666 4080 822 4125 werram.
855 4061 912 4126 Ad
927 4064 1002 4128 haec
1017 4067 1130 4130 nuntii
1143 4087 1152 4145 3
1170 4069 1295 4135 ‘Mota

340 4153 407 4219 fuit
433 4177 543 4221 werra
570 4166 604 4220 et
627 4159 759 4241 justum
786 4162 914 4228 beilum
937 4173 1058 4230 contra
1085 4185 1199 4249 regem
1216 4168 1294 4235 An-
