2858 4876
425 408 565 458 riorus
589 408 857 457 msronrnnun.
1050 393 1115 458 291

512 567 670 632 Conclusio
685 566 764 632 lolli.

214 665 306 730 Dum
329 663 403 729 haec
429 666 521 730 circa
545 686 661 749 regem
685 668 886 750 Philippum
914 675 1112 749 agerentur,
1128 696 1182 734 no.
1193 696 1248 735 1214.

164 763 440 847 Campaniensis,
465 766 676 832 Perticensis
707 778 743 832 et
771 769 813 831 dc
846 775 968 831 sancto
1000 746 1229 835 Pauloltllllf

162 865 319 942 comites,
332 885 410 928 cum
424 866 501 930 aliis
515 868 632 933 multis
647 868 818 932 nobilibus
830 868 873 931 de
886 887 993 949 regno
1007 868 1114 932 Fran·

164 983 294 1042 corum,
324 964 362 1029 in
392 967 484 1036 acies
514 967 730 1050 supradictas
756 968 923 1050 impetum
948 967 1114 1032 facientes

166 1064 355 1147 Hugonem
372 1065 415 1128 de
432 1067 560 1143 BoveS,
575 1087 653 1131 cum
670 1069 831 1132 universo
853 1067 983 1150 populo
1000 1087 1044 1131 ex
1060 1067 1113 1130 di-

164 1165 273 1237 versis
288 1165 476 1248 provinciis
494 1168 650 1244 collecto,
662 1168 696 1230 in
714 1168 834 1249 fugam
852 1167 1113 1249 compulerunt;

165 1265 290 1346 quibus
319 1265 474 1348 improbe
496 1266 597 1331 nimis
620 1267 842 1347 fugientibus
865 1269 1011 1331 insecuti
1033 1276 1114 1331 suut

166 1384 225 1428 eos
248 1365 285 1429 in
302 1385 362 1431 ore
378 1366 483 1447 gladii
499 1367 726 1449 Francigenae
740 1388 850 1450 usque
866 1368 910 1431 ad
930 1361 1114 1432 stationem

166 1465 396 1547 imperatoris,
421 1468 585 1548 quocirca
607 1475 686 1550 post
709 1468 828 1549 fugam
855 1468 992 1531 illorum
1015 1487 1116 1531 omne

165 1565 300 1646 pondus
325 1567 436 1648 praelii
458 1567 494 1631 in
515 1567 756 1650 imperatorem
779 1587 981 1632 conversum
1005 1568 1115 1631 estin

166 1673 351 1729 momento.
405 1665 715 1732 circumvallantes
746 1668 834 1731 enim
868 1686 945 1731 eum
972 1668 1115 1732 comites

167 1764 358 1846 supradicti
381 1767 496 1830 conati
519 1774 600 1830 sunt
623 1774 663 1831 ut
688 1767 921 1832 interficerent
947 1767 1043 1830 illum
1060 1767 1115 1831 vel

168 1863 212 1927 ad
225 1864 435 1929 deditionem
452 1867 708 1950 compellerent,
730 1867 790 1931 sed
813 1868 887 1948 ipse
907 1887 984 1930 cum
999 1865 1115 1947 gladio

167 1983 269 2046 quem
293 1967 445 2043 tenebat,
461 1973 501 2030 ut
518 1968 591 2030 sica
605 1987 649 2031 cx
668 1986 738 2031 una
759 1974 860 2051 parte
874 1974 990 2043 acuto,
1006 1965 1115 2030 hosti-

165 2065 231 2128 bus
247 2063 337 2129 ictus
354 2065 590 2148 importabiles
604 2067 684 2131 hinc
706 2066 786 2131 inde
804 2066 936 2150 junctis
957 2067 1115 2130 manibus

166 2165 376 2247 imprimens,
401 2186 635 2249 quoscumque
661 2168 856 2249 attingebat
870 2166 926 2231 vel
947 2167 1115 2231 attonitos

166 2264 343 2342 reddebat,
359 2267 416 2331 vel
431 2286 582 2332 sessores
600 2287 677 2331 cum
699 2267 784 2350 ipsis
806 2265 903 2349 equis
924 2267 1116 2329 solotenus

165 2366 418 2446 prosternebat.
469 2367 519 2431 At
532 2367 649 2432 hostes
669 2367 812 2449 propius
827 2365 988 2431 accedere
1004 2373 1116 2430 metu-

167 2471 266 2529 entes
299 2465 428 2530 lanceis
459 2468 523 2530 sub
549 2468 625 2550 ipso
655 2474 726 2531 tres
751 2485 859 2548 equos
886 2474 1116 2548 peremerunt,

169 2564 230 2629 sed
261 2566 531 2632 commilitonum
562 2587 702 2634 suorum
743 2566 909 2630 laudabili
943 2566 1116 2648 probitate

169 2666 271 2729 novis
301 2687 435 2749 semper
466 2667 564 2748 equis
595 2668 777 2731 restitutus
814 2666 971 2730 hostibus
1002 2666 1116 2729 acrius

168 2765 391 2847 insurgebat3
423 2767 563 2831 tandem
589 2767 740 2831 invictus
767 2768 811 2830 ab
836 2766 1043 2831 adversariis
1065 2763 1136 2828 di-'

170 2865 296 2930 missus
318 2886 396 2931 cum
419 2867 491 2931 suis
509 2867 582 2930 sine
604 2867 658 2930 sui
681 2885 890 2947 suorumque
911 2865 1054 2928 laesione
1075 2865 1118 2928 de

169 2964 261 3029 bello
287 2967 439 3031 recessit.
494 2966 571 3031 Rex
596 2974 713 3030 autem
740 2966 953 3029 Francorum
981 2965 1024 3027 de
1046 2971 1118 3027 tam

170 3065 351 3148 inopinata
375 3067 521 3132 victoria
550 3067 653 3131 laetus
685 3067 818 3148 gratias
850 3065 926 3128 Deo
956 3064 1119 3140 exsolvit,

170 3163 231 3247 qui
249 3166 315 3229 sibi
335 3166 437 3231 talem
461 3167 631 3230 concessit
649 3167 694 3230 ab
716 3165 922 3230 adversariis
943 3171 1120 3245 reportare

170 3265 392 3348 triumphum.
454 3265 542 3330 Tres
575 3285 712 3349 quoque
744 3265 886 3330 comites
918 3262 1119 3345 supradicti,

170 3383 250 3428 cum
276 3366 423 3429 militum
450 3372 486 3429 et
508 3365 653 3429 aliorum
679 3383 862 3429 numerosa
888 3362 1120 3438 multitudine,

170 3465 319 3529 vinculis
345 3466 524 3531 constricti
545 3465 687 3530 abducti
716 3471 798 3529 sunt
820 3462 985 3529 carcerali
1006 3470 1120 3527 custo-

170 3563 237 3628 diae
248 3566 486 3648 mancipandi.
534 3566 645 3629 Facta
662 3571 715 3628 est
724 3571 840 3628 autem
854 3563 928 3626 haec
941 3562 1023 3626 belli
1040 3581 1121 3626 con-

170 3665 303 3745 gressio
318 3685 434 3730 mcnse
451 3663 561 3742 Julio,
575 3673 676 3728 sexto
691 3663 859 3728 kalendas
876 3660 1038 3744 Augusti.
1076 3661 1120 3723 In

172 3764 237 3828 hoc
253 3772 370 3829 autem
389 3784 472 3829 casu
494 3785 556 3829 rex
576 3763 773 3846 Anglorum,
790 3763 1023 3845 quadraginta
1043 3761 1120 3823 mil-

170 3865 219 3928 lia
237 3883 384 3943 marcas,
410 3884 497 3947 quas
526 3872 679 3947 tempore
704 3863 879 3928 interdicti
902 3880 924 3924 a
945 3859 1121 3924 monachis

173 3964 398 4029 Cistercensis
415 3964 546 4030 ordinis
562 3963 763 4041 abstulerat,
774 3961 923 4026 inaniter
940 3978 1122 4040 consump-

173 4065 230 4141 sit,
247 4071 287 4128 ut
303 4065 404 4129 fidem
421 4065 551 4129 faceret
568 4064 762 4147 proverbio,
780 4081 850 4145 quo
863 4060 1000 4136 dicitur,
1060 4130 1065 4134 ⁴

310 4195 394 4255 ‘Non
408 4197 494 4256 habet
507 4205 624 4256 eventus
638 4195 751 4255 sordida
764 4195 860 4273 praeda
872 4195 961 4253 bonos
969 4192 986 4260 ς’

978 4304 993 4338 u
1006 4295 1021 4338 2

416 4398 452 4450 'r

454 4448 463 4463 ¹.
