2858 4876
427 422 565 471 necans
589 422 860 471 uisronmauu.
1049 410 1114 473 149

160 578 438 663 archiepiscopus
461 574 681 660 ¹Zacbaria's,
703 590 739 647 et
761 583 999 666 expandentes
1019 583 1110 647 iniu-
1125 600 1248 642 nnana.

160 677 229 741 lam
245 698 350 761 super
368 681 479 745 altare
502 691 659 747 sanctum
675 692 832 747 sanctam
849 684 913 746 Dei
928 684 1109 766 epistolam
1122 651 1275 792 Ξῗιιὲξοᾱῖῗέἴ

159 787 379 862 acceperunt,
403 800 507 864 quam
530 797 607 846 cnm
626 783 871 866 inspexissent,
895 782 988 846 istud
1014 785 1111 849 inve·
1141 762 1164 792 ⁰¹
1185 764 1195 792 ⁸
1218 764 1251 802 'y'

159 886 285 943 nerunt
308 881 599 963 superscriptum
623 882 721 964 ‘Ego
738 883 921 960 Dominus,
940 884 1000 964 q'ui
1020 904 1110 966 prae·

159 978 234 1060 cepi
249 979 359 1058 vobis,
382 987 422 1045 ut
445 982 674 1045 observaretis
697 989 857 1046 sanctum
880 983 970 1047 diem
988 983 1108 1048 Domi·

159 1077 286 1157 nicum,
302 1079 423 1162 inquo
440 1081 593 1163 requievi
610 1084 654 1145 ab
674 1083 836 1165 operibus
850 1083 947 1162 meis,
963 1091 1003 1148 ut
1017 1092 1109 1149 esset

160 1178 294 1260 requies
318 1179 453 1245 cunctis
480 1181 683 1245 mortalibus
710 1182 746 1247 in
774 1189 954 1260 aeteruum,
979 1191 1015 1248 et
1040 1203 1108 1248 non

160 1276 360 1343 custodistis
376 1299 466 1358 eum,
483 1288 517 1345 et
534 1281 575 1344 de
589 1283 740 1364 peccatis
757 1284 880 1346 vestris
905 1302 972 1346 non
998 1285 1107 1366 poeni-

160 1377 287 1443 tuistis.
333 1379 430 1444 Sicut
454 1379 526 1443 dixi
546 1400 608 1463 per
628 1382 846 1464 evangelium
864 1402 989 1461 meum,
1007 1382 1106 1447 ‘Cae-

159 1476 229 1541 lum
257 1486 292 1542 et
315 1486 408 1545 terra
434 1480 642 1559 transibunt,
661 1484 767 1546 verba
796 1490 913 1547 autem
937 1503 1015 1547 mea
1038 1504 1107 1548 non

160 1578 379 1644 transibunt?
440 1580 523 1644 Feci
540 1582 638 1645 vobis
658 1582 846 1663 praedicare
867 1584 1107 1666 poenitentiam

159 1676 253 1756 vitae,
279 1686 314 1744 et
329 1699 397 1743 non
421 1679 634 1761 credidistis;
661 1680 739 1744 misi
754 1702 859 1765 super
874 1702 937 1748 vos
952 1702 1107 1765 paganos

161 1784 195 1842 et
214 1787 348 1860 genteS,
367 1781 427 1862 qui
451 1778 644 1845 effuderunt
669 1782 871 1864 sanguinem
894 1791 1047 1847 vestrum
1071 1785 1106 1848 in

161 1884 265 1957 terra,
292 1899 355 1944 nec
383 1887 498 1944 tamen
526 1879 743 1962 credidistis3
775 1889 822 1959 ct,
845 1884 928 1964 quia
949 1890 1106 1947 sanctum

160 1977 249 2042 diem
266 1979 484 2044 Dominicum
503 1999 571 2044 non
587 1980 800 2059 custodistis
811 2002 873 2064 per
887 2002 1015 2065 paucos
1034 1983 1107 2048 dies

159 2078 327 2144 habuistis
344 2079 482 2156 famem,
499 2081 559 2144 sed
575 2080 644 2144 cito
663 2080 741 2145 dedi
758 2083 855 2146 vobis
876 2083 1107 2161 saturitatem,

159 2185 328 2262 etpostea
345 2181 444 2264 pejus
460 2179 603 2245 fecistis.
656 2179 747 2245 Volo
762 2201 856 2263 ergo,
881 2190 919 2246 ut
940 2202 1041 2245 nemo
1063 2184 1107 2247 ab

159 2278 244 2344 bora
273 2299 366 2345 nona
394 2282 531 2345 sabbati
563 2301 673 2364 usque
702 2282 745 2346 ad
773 2281 880 2345 solem
909 2289 1107 2363 surgentem

160 2379 228 2443 diei
241 2380 351 2444 Lunae
368 2380 498 2462 aliquid
514 2389 687 2464 operetur,
705 2382 772 2444 nisi
789 2381 881 2463 quod
904 2382 950 2445 sit
966 2383 1107 2460 bonum,

160 2486 206 2557 et,
222 2480 252 2544 si
276 2481 353 2563 quis
374 2480 507 2558 fecerit,
528 2499 606 2544 cum
628 2482 833 2563 poenitentia
854 2480 1035 2561 emendet;
1061 2488 1106 2558 et,

160 2580 190 2644 si
205 2579 284 2644 huic
301 2580 465 2644 mandato
482 2600 559 2645 meo
581 2601 650 2644 non
674 2581 884 2659 obedieritis,
901 2580 1014 2645 Amen
1030 2579 1107 2645 dico

161 2681 270 2760 vobis,
285 2687 321 2745 et
338 2680 420 2764 juro
437 2680 536 2745 vobis
553 2701 615 2764 per
631 2680 746 2744 sedem
765 2701 876 2745 meam
892 2688 927 2746 et
944 2681 1106 2745 thronum

159 2800 273 2845 meum
291 2787 327 2845 et
340 2780 516 2858 cherubin,
529 2782 588 2864 qui
604 2782 803 2846 custodiunt
819 2789 976 2845 sanctam
990 2780 1106 2844 sedem

161 2899 285 2960 meam,
305 2880 388 2963 qnia
405 2884 474 2944 non
499 2880 670 2945 mandabo
687 2882 785 2945 vobis
808 2881 937 2963 aliquid
959 2900 1021 2963 per
1046 2879 1107 2943 ali-

160 2998 215 3044 am
236 2980 430 3063 epistolam,
452 2979 512 3044 sed
537 2981 688 3063 aperiam
711 2981 827 3058 caelos,
849 2989 885 3044 et
902 2999 965 3062 pro
988 2980 1107 3062 pluvia

158 3081 275 3163 pluam
290 3100 395 3164 super
412 3099 474 3146 vos
495 3079 628 3163 lapides
646 3087 682 3143 et
697 3080 792 3162 ligna
815 3086 850 3145 et
873 3099 999 3162 aquam
1023 3079 1106 3143 oali-

158 3180 237 3245 dam
252 3200 314 3263 per
330 3187 461 3257 noctes,
476 3189 515 3246 ut
537 3198 637 3244 nemo
659 3200 854 3262 praecavere
875 3179 998 3262 possit,
1020 3198 1107 3261 quo-

159 3280 250 3345 niam
267 3281 442 3346 destruam
457 3298 575 3343 omncs
589 3279 746 3343 homines
761 3280 881 3344 malos.
936 3278 1015 3342 Hoc
1030 3279 1107 3342 dico

159 3381 270 3458 vobis,
287 3380 403 3444 Morte
418 3379 609 3444 moriemini
631 3386 773 3461 propter
783 3378 872 3441 diem
886 3377 1107 3442 Dominicum

159 3487 316 3544 sanctum
331 3486 367 3543 et
383 3478 470 3542 alias
492 3477 700 3544 festivitates
722 3486 921 3541 sanctorum
943 3484 1107 3555 meorum,

157 3580 245 3662 quas
260 3583 329 3643 non
345 3578 557 3643 custodistis.
611 3577 751 3641 Mittam
774 3577 872 3640 vobis
894 3577 1023 3640 bestias
1046 3576 1107 3639 ba-

160 3680 281 3743 bentes
297 3679 415 3762 capita
429 3678 581 3755 leonum,
598 3677 743 3759 capillos
764 3677 945 3739 mulierum
970 3682 1005 3739 et
1029 3694 1107 3739 cau-

158 3778 221 3843 das
242 3778 462 3855 camelorum,
483 3778 584 3842 etita
607 3777 773 3840 famelicae
792 3783 905 3852 erunt,
922 3776 1013 3857 quod
1029 3794 1107 3839 car-

157 3897 219 3943 nes
240 3884 375 3943 vestras
400 3878 630 3952 devorabunt,
651 3884 688 3940 et
709 3896 771 3940 vos
793 3875 1032 3938 desiderabitis
1054 3874 1108 3939 su·

157 3997 238 4062 gere
253 3977 297 4041 ad
319 3977 503 4060 sepulchra
526 3983 737 4040 mortuorum
760 3983 796 4039 et
818 3973 1029 4038 abscondere
1045 3994 1107 4037 vos

155 4084 297 4161 propter
312 4084 441 4141 metum
465 4076 675 4150 bestiarum3
699 4083 735 4138 et
753 4073 872 4138 tollam
891 4075 1006 4137 lumen
1024 4073 1108 4136 solis

403 4226 409 4257 ¹
420 4223 579 4296 Zacharias]
598 4227 755 4277 ‘Acbarius’
766 4227 792 4276 in
803 4229 834 4276 C.
