2858 4876
346 382 412 449 372
602 400 735 447 aoennr
761 399 808 446 nr
831 397 1036 448 wunnovnn

186 576 310 618 ΛΜΝ.
349 559 546 639 Lodowico,
563 560 691 626 domini
710 561 800 643 regis
821 561 1034 624 Francorum
1054 557 1299 641 primogenito,

349 663 396 728 D.
410 663 453 726 de
474 662 648 739 Corbolio,
660 661 695 725 J.
707 655 766 724 ¹de
784 660 1022 737 Montevisito,
1038 665 1073 722 et
1089 657 1136 722 G.
1148 657 1298 735 Limetb,

348 762 474 840 nuntii,
492 762 640 826 salutem
660 769 694 826 et
712 761 812 826 fidele
829 761 1020 826 servitium.
1074 757 1224 823 Noverit
1238 778 1298 822 ex·

348 863 510 927 cellentia
528 869 657 939 vestra,
675 862 768 945 quod
787 881 851 926 nos
870 861 926 925 die
942 858 1127 924 Dominica
1147 859 1191 922 ad
1208 878 1300 922 men-

349 983 421 1028 sem
440 961 586 1026 Pasebae
603 963 760 1026 venimus
775 962 818 1025 ad
837 960 1013 1025 dominum
1034 978 1174 1042 papam,
1191 959 1300 1023 salvis

350 1063 507 1146 personis
532 1070 568 1126 et
591 1064 693 1126 rebus
718 1063 857 1139 nostrie,
880 1067 916 1125 et
936 1060 1055 1124 eodem
1076 1059 1132 1124 die
1157 1058 1301 1122 intravi·

350 1180 427 1226 mus
444 1162 561 1227 statim
587 1162 630 1226 ad
656 1164 781 1246 ipsum,
807 1181 908 1244 quem
934 1160 1079 1225 hilarem
1104 1159 1300 1222 invenimus

350 1264 412 1328 sed
428 1263 527 1327 vultu
547 1263 680 1326 tristem
700 1282 737 1326 se
759 1263 858 1326 nobis
878 1259 1058 1339 exbibuit;
1081 1267 1128 1337 et,
1150 1278 1300 1341 praesen-

350 1362 434 1426 tatis
461 1362 569 1426 literis
596 1363 724 1427 nostris
753 1370 788 1426 et
816 1362 994 1444 proposita
1018 1360 1228 1424 salutatione
1255 1379 1300 1423 ex

350 1469 450 1545 parte
480 1469 608 1539 vestra,
645 1464 719 1546 ipse
752 1462 851 1527 nobis
883 1461 1072 1544 respondit,
1114 1460 1207 1543 quod
1240 1460 1300 1523 do-

351 1563 465 1626 minus
486 1570 602 1626 vester
625 1582 693 1626 non
718 1563 764 1627 sit
784 1563 910 1645 dignus
931 1561 1142 1626 salutatione
1166 1566 1299 1624 nostra.

351 1661 429 1744 Ego
453 1682 536 1726 vero
563 1663 682 1727 statim
707 1663 880 1747 respondi,
904 1661 1046 1738 ‘Pater,
1068 1661 1171 1724 credo
1193 1660 1300 1743 quod,

350 1762 479 1826 auditis
499 1762 691 1827 rationibus
714 1770 749 1828 et
767 1762 1050 1827 excusationibus
1070 1760 1199 1825 domini
1218 1779 1299 1823 nos·

351 1863 410 1939 tri,
440 1861 624 1927 invenietis
655 1883 734 1927 eum
764 1864 908 1946 dignum
939 1861 1148 1926 salutatione
1172 1867 1301 1940 vestra,

352 1969 474 2045 utpote
494 1962 740 2041 Christianum,
764 1963 984 2040 catholicum,
1002 1961 1101 2026 vobis
1118 1968 1154 2025 et
1170 1960 1303 2024 Roma-

352 2082 407 2126 nae
429 2063 585 2127 ecclesiae
609 2082 744 2146 semper
766 2064 929 2128 devotum
943 2061 963 2143 ;'
992 2062 1097 2126 etsie
1120 2060 1181 2125 illo
1202 2061 1257 2125 die
1279 2080 1302 2125 a

351 2162 538 2244 praesentia
564 2162 693 2228 domini
723 2182 825 2248 papae
851 2164 1067 2239 recessimus,
1093 2161 1153 2226 sed
1182 2161 1218 2224 in
1247 2181 1300 2225 re·

351 2281 452 2326 cessu
481 2268 600 2327 nostro
625 2265 871 2345 benignissime
897 2265 995 2328 nobis
1024 2263 1114 2327 dixit
1139 2262 1300 2326 dominus

350 2381 457 2445 papa,
474 2362 566 2446 quod
582 2384 645 2428 nos
660 2365 806 2428 libenter
815 2363 950 2428 audiret
962 2363 1102 2447 quando
1116 2369 1152 2426 et
1163 2363 1300 2444 quoties

351 2463 530 2528 vellemus.
597 2464 762 2546 Sequenti
788 2464 843 2528 die
872 2465 998 2529 Martis
1025 2464 1183 2535 dominus
1210 2481 1303 2544 papa

352 2562 447 2626 misit
459 2564 666 2629 servientem
683 2564 854 2648 quendam
870 2564 914 2628 ad
929 2564 1117 2646 hospitium
1133 2569 1303 2640 nostrum,

352 2668 393 2726 ut
410 2664 605 2728 veniremus
629 2664 673 2728 ad
698 2666 825 2747 ipsum,
846 2670 882 2729 et
901 2664 1019 2729 statim
1040 2663 1196 2728 venimus
1219 2670 1301 2726 ante

354 2780 454 2841 eum;
479 2770 515 2827 et
536 2763 610 2846 ipse
636 2764 746 2829 multa
771 2765 861 2829 dixit
884 2771 1006 2829 contra
1031 2783 1095 2828 nos
1118 2783 1197 2827 cum
1221 2783 1301 2845 pro-

353 2861 587 2944 posuissemus
615 2883 755 2928 causam
790 2871 956 2942 nostram,
990 2884 1069 2947 quae
1096 2864 1303 2928 videbantur

352 2961 557 3044 impugnare
581 2963 712 3029 sactum
744 2971 896 3028 vestrum
922 2971 958 3028 et
982 2964 1134 3029 rationes
1155 2968 1303 3040 vestras,

354 3069 389 3125 et
407 3063 525 3126 statim
553 3063 651 3128 linito
678 3084 846 3142 sermone,
877 3083 1041 3147 percusso
1069 3070 1209 3147 pectore
1238 3082 1303 3127 suo

353 3180 432 3225 cum
462 3181 590 3246 magno
620 3164 763 3245 gemitu,
793 3163 970 3229 infremuit
993 3164 1117 3246 spiritu
1144 3171 1179 3228 et
1200 3163 1302 3240 dixit,

353 3260 465 3326 ‘Heu
486 3263 580 3340 mibi,
601 3265 684 3346 quia
708 3264 743 3327 in
768 3263 833 3330 boe
854 3263 948 3329 sacto
973 3264 1119 3329 eeclesia
1142 3264 1211 3329 Dei
1230 3283 1302 3328 non

353 3369 470 3443 potest
498 3363 644 3428 evadere
669 3363 929 3444 confusionem
961 3364 1105 3428 sienim
1133 3384 1196 3427 rex
1226 3361 1303 3427 An-

353 3461 435 3542 gliae
453 3463 614 3542 vincitur,
635 3464 671 3526 in
695 3465 803 3546 ipsius
826 3462 1027 3529 confusione
1049 3463 1302 3542 confundimur,

353 3560 437 3642 quia
456 3563 610 3627 vasallus
636 3570 754 3628 noster
776 3571 829 3628 est
847 3573 888 3650 et
907 3572 1067 3628 tenemur
1087 3583 1166 3628 eum
1185 3563 1304 3628 defen-

341 3659 461 3742 'dere3
502 3661 533 3726 si
570 3663 729 3727 dominus
764 3664 970 3729 Lodowicus
1008 3664 1170 3741 vincitur,
1207 3664 1301 3747 quod

354 3759 452 3824 Deus
472 3768 621 3841 avertat,
638 3764 674 3827 in
692 3764 801 3846 ipsius
823 3765 966 3830 laesione
987 3764 1125 3830 laeditur
1142 3763 1304 3828 Romana

352 3862 512 3939 ecclesia,
545 3870 580 3926 et
609 3864 719 3945 ipsius
750 3863 924 3930 laesionem
959 3864 1135 3947 propriam
1164 3872 1306 3947 reputa-

352 3979 451 4042 mus3
483 3982 619 4045 semper
649 3963 831 4028 babuimus
861 3985 969 4048 spem,
998 3971 1034 4029 et
1059 3965 1171 4029 adbuc
1200 3964 1304 4030 babe-

533 4141 595 4225 'be
606 4173 783 4239 Mastaura]
801 4175 863 4226 ‘ne
875 4175 962 4225 Monte
973 4176 1000 4227 a
1011 4171 1082 4241 sito:
1096 4177 1128 4230 c.
1187 4145 1188 4148 ’
1206 4144 1230 4157 ’4
