2858 4876
308 387 352 450 56
552 401 698 448 uocum
721 401 769 448 on
791 399 999 448 wnunovna

149 589 204 629 nn.
216 589 272 627 1192.
311 560 382 623 sint
406 566 548 641 propter
580 559 655 642 ejus
684 559 868 623 adventum
900 564 935 621 et
964 554 1078 619 animo
1104 559 1274 617 consten-

312 660 387 723 nati
409 665 444 721 et
468 657 639 738 quomodo
657 678 776 721 omnes
798 657 951 722 civitatis
973 662 1083 738 portae
1100 647 1272 716 ¹terratae

312 766 412 822 erant
435 765 563 840 praeter
580 765 717 839 portam
734 758 845 821 sancti
868 755 1036 837 Stephani
1058 752 1102 816 ad
1125 758 1270 834 partem

313 857 557 940 aquilonalem,
576 864 699 920 contra
718 876 821 938 quam
842 855 1033 918 exercitum
1050 871 1151 915 suum
1171 843 1270 914 ²col·

314 958 428 1021 locare
453 956 628 1020 consuluit
655 963 690 1020 et
717 955 897 1031 suadebat,
920 954 1060 1017 mittens
1085 949 1269 1033 quandam

315 1056 386 1137 regi
410 1056 555 1132 clavem,
578 1075 648 1137 qua
669 1056 791 1120 valvas
806 1060 925 1136 posset
939 1070 1103 1116 reserare.
1154 1047 1271 1111 Cum-

316 1174 383 1236 que
413 1155 566 1219 universi
593 1154 815 1217 Hierusalem
837 1152 994 1217 obsidere
1016 1149 1271 1225 decrevissent,

316 1254 388 1317 dux
421 1253 634 1334 Burgundiae
660 1272 737 1317 cum
769 1253 934 1317 fratribus
956 1248 1092 1331 Templi
1119 1254 1155 1312 et
1183 1266 1269 1311 curu

306 1353 544 1434 -Francigenis
572 1352 753 1417 consilium
782 1353 892 1415 iniens
916 1371 938 1414 a
963 1349 1141 1433 proposito
1162 1365 1271 1410 revo-

316 1460 416 1516 catus
448 1459 513 1529 est,
542 1453 603 1534 qui
628 1453 828 1516 asserebant
852 1452 973 1514 ducem
995 1469 1073 1513 cum
1104 1445 1272 1512 omnibus

318 1552 543 1633 Francigenis
569 1553 756 1615 maximam
782 1551 912 1615 domini
941 1550 995 1612 sui
1026 1549 1118 1629 regis
1149 1546 1270 1609 Fran·

317 1670 435 1715 corum
461 1650 625 1714 offensam
648 1653 878 1726 incursurum,
905 1650 935 1712 si
955 1669 1017 1730 per
1035 1666 1153 1711 eorum
1183 1646 1271 1708 sub-

317 1749 513 1814 ventionem
541 1751 703 1815 detenta
728 1758 763 1814 et
785 1758 856 1814 tam
878 1749 1012 1812 famosa
1038 1748 1180 1811 civitate
1201 1764 1271 1809 rex

318 1848 514 1912 Richardus
540 1851 797 1933 triumphasset,
822 1869 885 1913 nec
914 1849 1031 1929 aliqua
1054 1845 1165 1909 laudis
1193 1844 1272 1908 vic·

318 1948 409 2011 toria
433 1949 501 2030 ipsi
524 1948 603 2012 duci
622 1950 678 2013 vel
699 1949 924 2030 Francigenis
947 1946 1216 2021 adscriberetur,
1239 1945 1273 2008 si

318 2046 427 2110 abeis
445 2054 544 2111 tanta
558 2048 681 2113 civitas
698 2055 889 2130 caperetur.

397 2221 547 2300 Quomodo
562 2221 627 2285 dee
642 2220 837 2306 Berpeede'ae
852 2219 995 2284 doeerie's
1010 2218 1182 2283 Schedius?

490 2318 653 2406 correptus
667 2343 688 2384 e
705 2330 790 2384 terro
804 2328 913 2384 coemo
929 2319 1091 2383 recesserit.

370 2437 513 2507 Nuntii³
534 2445 672 2507 interim
697 2463 719 2507 a
746 2443 833 2507 duce
863 2443 907 2506 ad
937 2442 1158 2506 Salaadinum
1185 2440 1277 2504 diri·

320 2544 462 2623 guntur,
483 2542 557 2619 sed,
579 2543 658 2624 quid
683 2544 828 2623 egerint,
851 2549 931 2606 acta
953 2549 989 2605 et
1015 2560 1093 2623 quae
1115 2559 1278 2622 sequun-

322 2649 380 2704 tur
401 2661 507 2723 opera
523 2641 745 2710 manifestant
761 2663 770 2720 3
796 2661 875 2704 nam
891 2650 992 2705 nocte
1009 2641 1169 2723 quadem,
1186 2659 1277 2722 rege

322 2738 516 2820 Anglorum
540 2739 630 2822 apud
653 2749 803 2804 castrum
826 2734 1009 2823 praefatum
1032 2748 1275 2804 commorante

323 2845 358 2901 et
384 2839 471 2902 duce
502 2859 580 2902 cum
612 2840 684 2902 suis
715 2841 806 2922 apud
836 2840 1052 2903 Bethonoble
1083 2839 1275 2916 existente,

322 2938 524 3018 explorator
541 2940 632 3019 regis
645 2937 822 3015 Richardi,
841 2938 863 3002 J
867 2958 990 3002 umaus
1006 2939 1155 3012 nomine,
1170 2939 1276 3002 audi-

322 3036 375 3098 vit
392 3037 541 3100 sonitum
565 3038 793 3118 gradientium
813 3039 1020 3101 camelorum
1043 3045 1079 3101 et
1091 3035 1274 3102 hominum

323 3133 366 3196 de
398 3142 515 3199 monte
541 3136 831 3213 descendentium,
862 3156 950 3219 quos
977 3137 1126 3200 latenter
1149 3137 1274 3198 subse-

323 3240 423 3297 cutus
447 3237 613 3317 comperit
635 3236 771 3300 eosdem
795 3255 817 3298 a
839 3235 1024 3298 Sulaadino
1047 3235 1275 3299 transmissos

323 3350 434 3413 usque
467 3334 511 3395 ad
549 3343 664 3397 castra
703 3335 800 3397 ducis
834 3354 911 3397 cum
942 3335 1093 3416 quinque
1126 3335 1273 3398 camelis

324 3450 409 3493 auro
436 3438 471 3495 et
502 3442 646 3513 argento
681 3443 716 3496 et
745 3433 869 3515 opibus
900 3435 1046 3510 onustis,
1074 3433 1272 3515 pannisque

324 3530 442 3592 sericis
467 3538 502 3594 et
521 3530 599 3594 aliis
616 3532 767 3596 donariis
789 3521 918 3596 multis.
972 3533 1182 3615 Explorator
1205 3551 1272 3596 au·

324 3635 393 3689 tem
410 3629 454 3690 ad
478 3648 593 3709 regem
614 3632 748 3695 concito
765 3652 886 3712 gressu
912 3633 1108 3713 regrediens
1124 3630 1200 3693 haec
1218 3632 1275 3696 illi

323 3727 439 3788 omnia
461 3728 645 3806 nuntiavit,
668 3731 907 3813 accipiensque
928 3729 1096 3812 quosdam
1112 3730 1155 3793 de
1170 3731 1275 3794 fumi·

359 3938 367 3970 ¹
378 3942 485 3991 Terrutoe
492 3939 516 4012 ;]
533 3946 656 4007 probably
667 3946 706 3994 for
716 3948 723 3975 ‘
732 3962 783 3996 eer-
809 3947 871 4010 dot]
888 3948 1032 3998 ‘Collocere
1044 3949 1168 3999 suadebat
1174 3949 1191 4011 ς’
1203 3950 1276 4014 Cog-

322 4012 403 4071 ratae,'
422 4013 468 4060 but
485 4014 526 4062 the
542 4015 611 4063 word
625 4015 654 4064 ol
669 4016 712 4064 the
731 4022 784 4066 text
810 4017 920 4080 geehele,
931 4020 980 4068 eol.
991 4022 1049 4069 821.

322 4094 412 4129 occurs
423 4082 476 4130 also
487 4083 513 4131 in
525 4084 691 4145 Coggeshule.

359 4147 497 4202 ²Colbcare
516 4155 634 4204 cmuluit
653 4159 677 4203 et
699 4157 782 4204 euode-
842 4154 972 4221 3Νιιηίὶὶ.]
993 4157 1160 4220 eoggeshale,
1172 4158 1236 4209 ibid.
