2858 4876
335 399 401 462 114
589 411 722 460 nocam
747 413 794 460 nr
817 410 1025 459 warnorum

174 587 297 629 annm
338 570 384 635 tis
411 566 585 632 beneficiis
618 567 809 648 gratiarum
841 567 1024 631 actionesl
1086 565 1176 630 Haec
1206 566 1290 629 mihi

173 639 444 735 lstllnoralrius
474 666 666 731 revolventi
694 666 793 730 dolor
821 667 937 731 nescio
964 686 1010 730 an
1041 666 1180 733 devotio
1213 667 1288 731 ani·

175 739 290 780 Emhm'
339 789 430 834 mum
461 766 699 832 distrahebant
726 765 909 843 infelicem,
933 772 1056 849 stupor
1078 774 1114 830 et
1139 765 1289 829 admira·

340 870 389 933 tio
427 888 482 931 me
518 874 632 929 mente
670 865 923 948 quodammodo
958 867 1107 930 alienum
1140 866 1290 931 reddunt

340 976 376 1032 et
404 969 594 1032 absentem.
651 963 744 1042 Quid
767 985 849 1029 vero
874 964 1081 1044 devotionis,
1115 966 1208 1048 quod
1235 965 1289 1028 bis

340 1067 556 1134 contumeliis
584 1065 743 1129 diabolus
768 1065 928 1143 vincitur,
955 1072 1108 1130 tartarus
1141 1065 1288 1129 debella-

341 1176 410 1245 tur,
434 1186 531 1230 arma
553 1164 629 1248 ejus
654 1164 863 1247 diripiuntur
885 1173 920 1229 et
941 1166 1064 1248 spolia,
1085 1164 1188 1230 homo
1212 1185 1289 1247 per-

249 1315 252 1318 .
340 1268 433 1332 ditus
476 1272 668 1348 reparatur,
705 1271 741 1327 et
778 1265 897 1347 praeda
933 1266 1126 1330 daemonum
1166 1264 1291 1328 inferni

340 1375 460 1450 erepta
484 1364 660 1446 ergastulo
682 1364 719 1427 in
744 1363 829 1428 caclo
855 1365 968 1429 choris
995 1365 1159 1430 inseritur
1183 1384 1290 1446 ange·

339 1467 475 1531 lorum‘t
509 1465 636 1541 Multa,
664 1483 741 1546 quae
768 1464 824 1527 hic
850 1465 921 1528 vidi
947 1471 982 1529 et
1009 1465 1138 1543 audivi,
1163 1463 1290 1527 referre

341 1567 557 1648 pertimesco,
584 1563 744 1647 eoquod
770 1563 912 1628 insolita
938 1572 973 1628 et
1001 1564 1120 1628 multis
1145 1564 1290 1628 incredi-

341 1666 425 1729 bilia
442 1665 636 1728 videantur.
690 1662 861 1746 Denique,
881 1671 961 1746 post
978 1684 1109 1729 moram
1131 1684 1199 1728 non
1217 1683 1291 1728 mo·

342 1764 455 1828 dicam
474 1764 509 1826 in
534 1769 605 1827 tam
625 1763 729 1826 beata
743 1761 876 1851 visione
900 1763 1087 1846 expletam,
1103 1763 1192 1828 visio
1213 1764 1291 1845 ipsa

342 1869 483 1947 repente
500 1863 689 1944 disparuit3
709 1870 744 1926 et
760 1863 849 1939 loco,
867 1864 926 1927 ubi
941 1863 1052 1945 gloria
1069 1865 1158 1928 tanti
1175 1858 1291 1927 sacra-

342 1963 450 2027 menti
466 1968 622 2039 steterat,
636 1962 793 2039 adorato,
811 1962 940 2044 singuli
955 1963 1000 2026 ad
1016 1964 1114 2027 sedes
1131 1963 1291 2046 proprias

342 2083 419 2127 cum
445 2062 569 2126 laetitia
592 2062 778 2138 redierunt,
807 2069 843 2125 et
868 2082 932 2144 ego
958 2063 1080 2126 ducem
1105 2082 1220 2126 meum
1243 2063 1292 2125 in-

341 2170 396 2228 ter
420 2163 617 2225 mansiones
643 2163 822 2225 beatorum
848 2161 971 2244 plenus
997 2161 1223 2227 admiratione
1248 2161 1291 2226 ad

341 2262 507 2327 interiora
527 2261 721 2344 sequebar3
753 2261 808 2326 hic
829 2260 904 2345 jam
928 2263 1191 2327 consistentium
1209 2281 1292 2325 can-

341 2363 416 2439 dor,
438 2361 493 2425 hic
514 2361 628 2425 odoris
648 2360 852 2442 fragrantia,
872 2360 927 2425 hic
950 2370 1024 2429 erat
1041 2362 1292 2427 inaestimabilis

341 2460 462 2526 laudes
482 2460 558 2524 Deo
576 2461 774 2525 canentium
790 2460 992 2526 harmonia.’

472 2633 521 2699 De
535 2632 623 2698 tertio
638 2633 827 2698 amenitatis
843 2633 905 2699 loco
919 2641 947 2698 et
961 2633 1075 2699 cisione
1088 2634 1160 2699 Dei.

360 2822 365 2831 .
392 2756 534 2823 ‘Multo
554 2758 646 2822 inter
669 2759 744 2823 baec
764 2758 839 2842 jam
865 2777 1002 2822 emenso
1025 2758 1092 2821 viae
1119 2757 1234 2841 spatio
1257 2767 1292 2823 et

341 2865 516 2923 crescente
549 2866 630 2922 ante
667 2877 731 2922 nos
766 2858 921 2921 locorum
949 2857 1181 2941 jucunditate,
1221 2859 1294 2923 vidi

341 2957 474 3021 eminus
498 2959 598 3042 quasi
618 2978 754 3022 murum
776 2958 1027 3040 crystallinum,
1050 2956 1150 3041 cujus
1173 2958 1292 3022 altitu-

341 3057 385 3121 do
407 3058 579 3140 pervideri
607 3079 677 3136 non
708 3058 823 3140 potuit
852 3077 916 3120 nec
943 3063 1037 3120 meta
1066 3056 1292 3139 longitudinis

341 3156 594 3239 comprehendi,
619 3159 675 3221 cui
693 3157 769 3241 jam
793 3157 1151 3242 appropinquantibus
1179 3158 1292 3235 nobis,
1320 3208 1324 3214 ,

341 3262 476 3337 portam
505 3256 577 3321 vidi
599 3258 770 3321 introrsus
797 3255 1008 3320 lucidissima
1039 3256 1197 3321 claritate
1228 3258 1293 3320 mi-

342 3361 490 3434 cantem,
514 3363 740 3440 apertumque
766 3357 842 3440 ejus
867 3356 939 3420 vidi
967 3355 1111 3434 aditum,
1134 3357 1195 3419 sed
1215 3376 1292 3420 cru·

342 3454 391 3518 cis
414 3455 516 3517 unius
546 3456 642 3519 obice
666 3456 863 3537 signatum;
892 3456 1078 3520 accedebat
1102 3456 1185 3519 illuc
1206 3454 1293 3519 mul·

342 3553 454 3618 titudo
471 3573 588 3618 eorum
610 3556 826 3632 catervatim,
845 3555 905 3637 qui
924 3556 1107 3620 viciniores
1124 3563 1224 3619 erant
1239 3556 1293 3619 in·

342 3652 439 3734 gredi
466 3656 706 3737 exoptabant3
747 3674 834 3718 crux
863 3674 945 3718 vero
978 3655 1014 3717 in
1042 3655 1156 3719 medio
1182 3663 1293 3737 portae

343 3751 423 3830 sita,
439 3773 528 3818 nunc
544 3773 581 3819 se
594 3755 757 3820 attollens
771 3755 815 3818 ad
829 3755 1020 3836 superiora,
1038 3755 1147 3818 latum
1163 3754 1293 3819 adven·

343 3854 497 3917 tantibus
519 3855 693 3937 pandebat
713 3855 920 3936 ingressum,
946 3853 1016 3918 ima
1037 3852 1150 3919 denuo
1171 3863 1293 3937 petens

341 3951 471 4016 intrare
504 3955 722 4037 cupientibus
753 3955 905 4034 negabat
933 3954 1117 4027 incessum.
1179 3952 1294 4034 Quam
1368 3970 1372 3981 ·

342 4052 533 4132 gaudenter
557 4053 839 4136 ingrediebantur
865 4054 1017 4132 admissi,
1038 4055 1094 4120 vel
1114 4073 1219 4138 quam
1239 4075 1294 4118 re-

341 4160 501 4217 verenter
537 4155 771 4221 subsistebant
802 4154 948 4231 exclusi,
980 4153 1090 4220 crucis
1127 4155 1294 4221 elevatio-
