2858 4876
336 387 400 452 186
596 403 730 450 nouum
754 403 801 450 un
824 402 1032 451 wuunovur

172 578 228 618 Ab·
240 579 295 618 12⁰⁶-
335 565 439 628 etiam
458 572 611 646 tempore
633 563 725 627 idem
743 583 806 627 rex
826 563 920 626 misit
940 563 985 627 ad
1005 563 1135 627 curiam
1155 561 1287 626 Roma-

335 684 416 728 nam
438 663 606 747 quosdam
627 663 889 728 Cantuariensis
909 664 1063 728 ecclesiae
1086 662 1286 738 monacboS,

334 765 425 828 inter
455 784 542 846 quos
577 764 750 847 praecipue
780 771 855 828 erat
885 765 1052 846 magister
1085 761 1210 827 Helias
1243 762 1286 826 de

337 864 549 942 Brantefeld,
572 865 695 945 quibus
717 865 760 928 de
782 865 866 927 fisco
893 865 1052 948 copiosas
1077 883 1141 927 rex
1166 862 1287 927 minis·

337 965 444 1030 travit
460 983 645 1047 expensas,
668 971 708 1028 ut
723 963 925 1029 electionem
947 964 990 1028 de
1012 964 1176 1048 episcopo
1198 962 1277 1028 Nor

274 1070 302 1130 .’
336 1065 475 1130 wicensi
494 1065 621 1128 factam
644 1065 870 1147 impetrarent
890 1083 912 1128 a
930 1064 1070 1129 domino
1094 1054 1188 1147 pap'a
1204 1082 1286 1127 con-

336 1165 474 1229 firmari.
538 1164 713 1228 Miserunt
741 1171 858 1228 autem
884 1163 1005 1229 eodem
1033 1171 1188 1246 tempore
1215 1163 1288 1246 epi-

336 1266 432 1348 scopi
455 1264 727 1330 Cantoariensis-
744 1264 898 1328 ecclesiae
925 1265 1136 1346 suffraganei
1159 1281 1286 1347 procu·

336 1373 469 1430 ratores
485 1365 646 1444 Romam,
656 1383 798 1447 gravem
813 1383 930 1428 coram
942 1363 1081 1430 domino
1097 1382 1190 1447 papa
1205 1383 1287 1445 que·

336 1466 443 1530 relam
465 1472 709 1548 proponentes,
726 1465 820 1546 quod
841 1465 1003 1529 videlicet
1019 1463 1180 1528 monachi
1195 1461 1287 1526 Can-

338 1566 530 1630 tuarienses
551 1566 626 1628 sine
650 1564 720 1629 illis
745 1564 947 1631 electionem
969 1572 1097 1629 temere
1117 1563 1286 1645 archiepi-

337 1667 432 1749 scopi
460 1666 761 1749 praesumpsissent
791 1664 977 1744 celebrare,
1009 1684 1088 1728 cum
1118 1664 1186 1747 ipsi
1217 1682 1287 1726 una

337 1765 503 1829 cumillis
524 1766 567 1830 de
584 1765 664 1848 jure
684 1765 910 1830 communiet
926 1763 1175 1829 consuetudine
1198 1763 1289 1828 anti-

337 1885 407 1948 qua
439 1866 598 1930 electioni
631 1864 797 1929 interesse
830 1866 1057 1945 debuissent3
1092 1864 1288 1946 allegarunt

337 1967 441 2029 etiam
478 1973 720 2049 procuratores
755 1966 935 2029 memorati
965 1985 1070 2049 super
1101 1963 1288 2048 praemissis

338 2067 476 2130 decreta
497 2073 533 2130 et
555 2065 726 2147 exempla,
743 2064 910 2148 quosdam
930 2073 1038 2130 testes
1058 2065 1288 2148 producentes

338 2174 373 2229 et
390 2166 509 2230 literas
524 2165 775 2230 testimoniales
796 2166 1012 2246 exhibentes,
1030 2166 1157 2247 quibus
1174 2171 1288 2229 osten·

339 2266 419 2331 dere
444 2267 656 2344 nitebantur,
678 2267 771 2348 quod
793 2265 861 2349 ipsi
885 2265 1096 2347 suffraganei
1116 2284 1188 2329 una
1210 2284 1289 2328 cum

338 2366 515 2430 monachis
532 2372 602 2429 tres
625 2365 911 2448 metropolitanos
931 2366 1118 2448 elegerant.
1144 2365 1288 2444 ‚Mona-

339 2466 394 2530 chi
414 2485 497 2532 vero
515 2485 534 2529 e
555 2466 729 2530 contrario
753 2467 967 2542 asserebant,
987 2465 1081 2549 quod
1104 2465 1288 2549 privilegio

338 2566 480 2649 speciali
507 2565 744 2630 Romanorum
769 2565 970 2648 pontificum
987 2565 1083 2630 etde
1104 2572 1289 2629 consuetu·

339 2667 418 2730 dine
446 2667 640 2749 approbata
668 2671 704 2729 et
732 2666 878 2748 antiqua
906 2666 980 2729 sine
1005 2665 1175 2748 episcopis
1200 2665 1290 2729 elec·

339 2767 451 2831 tiones
477 2767 590 2830 lacere
613 2772 876 2842 consueverant,
898 2764 1116 2849 quodetiam
1138 2785 1199 2847 per
1221 2772 1292 2829 tes-

340 2875 392 2930 tes
421 2866 564 2929 idoneos
593 2866 716 2929 docere
744 2867 987 2949 promiserunt.
1039 2864 1180 2930 Auditis
1208 2865 1289 2929 hinc

339 2966 419 3029 inde
441 2966 718 3048 allegationibus
736 2967 953 3048 testibusque
974 2965 1133 3031 admissis
1155 2972 1191 3029 et
1210 2964 1289 3029 dili·

340 3074 462 3148 genter
486 3066 707 3141 examinatis,
729 3067 894 3148 praefixus
925 3072 979 3131 est
1003 3066 1076 3130 dies
1103 3085 1126 3130 a
1150 3066 1290 3130 domino

340 3185 433 3248 papa
448 3167 615 3248 partibuS,
633 3165 835 3230 duodecimo
851 3166 984 3230 scilicet
1000 3165 1167 3230 kalendas
1180 3165 1204 3230 J
1207 3186 1290 3230 anu·

341 3267 417 3343 arii,
437 3267 480 3329 ad
505 3264 810 3348 pronuntiandum,
836 3273 876 3330 ut
899 3273 982 3330 tunc
1003 3265 1173 3344 venirent,
1195 3267 1289 3350 quod

336 3366 397 3449 jus
419 3366 614 3444 dictaverit,
630 3365 812 3448 recepturi.

397 3566 439 3630 Ut
453 3587 507 3630 rec
520 3565 676 3630 Jodouucs
689 3564 723 3629 in
739 3564 921 3628 Pletoniam
936 3565 1089 3630 transiens
1103 3575 1239 3631 codrum

540 3667 585 3729 M
582 3665 706 3730 ontis-A
711 3663 797 3729 lbera
804 3673 944 3751 potenter
958 3665 1080 3751 ceperit.

179 3830 316 3878 solutares
393 3805 523 3870 Eodem
543 3827 635 3871 anno
652 3827 715 3872 rex
735 3805 930 3890 Anglorum
950 3806 973 3873 J
976 3806 1129 3873 ohannes
1151 3808 1187 3872 in
1210 3809 1291 3873 heb·

179 3881 315 3922 ¹⁰²⁰⁹⁰l⁰¹¹⁶
341 3906 489 3971 domada
518 3907 744 3973 Pentecostes
775 3908 965 3972 exercitum
1001 3908 1165 3990 grandem
1198 3910 1290 3993 apud

341 4006 583 4073 Portesmuthc
618 4009 856 4091 congregavit,
881 4015 917 4072 et
944 4009 1091 4091 septimo
1123 4007 1291 4074 kalendas

339 4107 362 4171 J
367 4109 426 4172 ulii
454 4128 559 4173 navos
591 4109 825 4174 conscendens
857 4109 1005 4193 septimo
1031 4108 1108 4172 idus
1130 4108 1154 4173 J
1159 4109 1218 4175 ulii
1246 4110 1290 4174 ad
