2858 4876
419 391 559 440 ruonns
582 391 852 442 ursrourunuu.
1065 380 1110 442 75

164 569 318 633 mergere
336 553 468 631 voluit3
498 555 559 618 sed
585 553 687 618 amici
708 554 819 618 nostri
843 553 941 620 illum
966 573 989 618 e
1013 555 1109 638 Tyro
1122 570 1177 610 eu·
1188 572 1244 610 11⁹³·

163 650 368 717 festinanter
397 653 556 717 recedere
586 652 756 732 fecerunt,
786 653 846 734 qui
877 653 922 716 ad
949 673 1012 718 nos
1038 655 1108 719 cito

164 750 322 814 renitet
342 751 441 814 nobis
467 752 536 816 ista
558 751 744 816 nuntiavit.
796 750 873 814 Nos
888 770 972 815 vero
987 771 1033 815 ex
1048 752 1109 817 illa

164 846 250 912 hora
267 848 492 913 Murchisium
506 849 661 914 occidere
676 847 959 928 desideravimus,
972 856 1007 915 et
1021 851 1108 915 duos

163 944 288 1010 iratres
313 948 358 1010 ad
383 947 515 1031 Tyrum
540 948 708 1025 misimus,
736 948 796 1029 qui
820 967 899 1011 eum
928 955 1046 1030 aperte
1074 956 1110 1012 et

164 1044 235 1108 fere
254 1064 369 1109 coram
386 1047 481 1110 omni
499 1045 628 1129 populo
648 1044 734 1128 Tyri
758 1045 968 1110 occiderunt.
1020 1046 1110 1111 Heec

165 1150 279 1207 autem
305 1162 411 1209 causa
434 1145 501 1209 fuit
526 1145 648 1209 mortis
673 1143 867 1220 Marchisii,
888 1151 924 1207 et
946 1146 1035 1208 bene
1056 1145 1109 1207 di-'

164 1242 274 1305 cimus
289 1242 388 1307 vobis
410 1244 446 1306 in
470 1243 630 1330 veritate,
656 1242 749 1324 quod
774 1242 933 1305 dominus
958 1263 1022 1306 rex
1046 1243 1110 1306 Ri-

165 1338 313 1403 chardus
333 1340 370 1404 in
393 1341 460 1405 hac
484 1347 594 1405 morte
617 1339 797 1405 Marchisii
817 1340 948 1403 nullum
971 1341 1109 1425 eulpam

165 1436 297 1515 habuit,
317 1446 353 1503 et
373 1447 514 1521 propter
535 1438 602 1503 hoc
619 1438 757 1502 domino
781 1437 956 1503 Richardo
980 1440 1109 1503 malum

164 1535 320 1600 fecerunt
351 1536 482 1621 injuste
514 1544 550 1602 et
583 1536 659 1600 sine
689 1555 797 1600 causa
826 1536 994 1602 fecerunt.
1061 1538 1109 1601 Et

165 1633 284 1698 sciatis
321 1655 384 1716 pro
422 1641 529 1712 certo,
559 1633 652 1717 quod
685 1653 750 1698 nos
775 1634 909 1699 nullum
938 1635 1110 1699 hominem

164 1730 361 1815 hujusmodi
385 1752 449 1815 pro
475 1733 631 1797 mercede
659 1732 776 1816 aliqua
800 1732 857 1797 vel
877 1753 941 1816 pro
964 1734 1111 1816 pecunia

166 1830 364 1908 occidimus,
386 1832 454 1895 nisi
478 1832 607 1895 malum
633 1831 734 1895 nobis
759 1831 856 1913 prius
880 1830 1011 1897 fecerit.
1064 1833 1111 1896 Et

165 1929 295 2007 sciatis,
311 1930 402 2012 quod
419 1930 539 1995 literas
552 1931 639 1993 istas
652 1929 796 1993 fecimus
816 1930 853 1993 in
872 1929 975 1994 domo
991 1938 1111 1995 nostra

166 2027 210 2090 ad
242 2028 423 2093 castellum
448 2036 605 2093 nostrum
627 2028 779 2092 Messiae
804 2029 840 2092 in
861 2029 1003 2092 dimidio
1026 2028 1111 2110 Sep-

165 2125 289 2188 tembri
311 2145 425 2190 coram
450 2126 616 2190 fratribus
637 2126 779 2203 nostris,
797 2133 833 2190 et
855 2126 970 2208 sigillo
992 2132 1112 2191 nostro

165 2240 225 2286 eas
239 2224 466 2304 signavimus,
482 2243 572 2288 anno
588 2226 633 2288 ab
648 2222 849 2287 Alexandro
865 2222 941 2288 un?

216 2614 348 2677 Eodem
374 2620 530 2695 tempore
556 2613 678 2696 Hugo,
699 2613 894 2678 Cestrensis
917 2613 1252 2717 episcopusfffhgpiepp

164 2730 242 2775 cum
266 2713 404 2793 magnis
426 2713 571 2789 exeniis,
593 2733 673 2795 quae
696 2731 830 2776 summo
856 2721 1113 2794 praeparaverat
1124 2687 1260 2823 &Q

164 2810 292 2887 studio,
312 2829 427 2891 regem
443 2811 560 2876 videre
581 2811 782 2888 maturarit,
804 2811 865 2873 sed
887 2830 995 2893 prope
1018 2811 1111 2875 Gan-

166 2909 315 2972 tuariain
347 2909 390 2971 de
422 2916 523 2973 nocte
550 2910 730 2990 quiescens
759 2908 1027 2990 comprehensus
1059 2918 1113 2976 est

167 3007 317 3071 ethonis
334 3007 493 3071 omnibus
507 3008 689 3090 spoliatus.
731 3007 923 3071 Matthaeus
940 3009 984 3072 de
998 3007 1112 3085 Clera,

167 3106 343 3188 municeps
361 3105 584 3183 Doverensis,
606 3105 827 3187 praedonibus
849 3104 1004 3170 savorem
1024 3126 1113 3188 pree·

166 3204 276 3280 stitit;
303 3204 394 3268 uude
419 3197 480 3268 ¹eb
504 3203 763 3286 archiepiscopo
781 3205 1113 3282 excommunicatus,

166 3302 197 3364 si
212 3301 430 3378 satisfecerit,
445 3303 636 3383 ignoratur.

252 3472 302 3537 De
316 3480 411 3537 morte
426 3433 597 3537 saumae·
610 3481 639 3541 a
648 3473 828 3539 aueoesra‘om
843 3471 1034 3558 captarent.

218 3590 304 3659 Per²
320 3597 410 3659 idem
429 3603 565 3678 tempus
581 3595 801 3673 Selaadinus,
814 3595 972 3660 veritatis
988 3601 1023 3657 et
1038 3614 1114 3658 cru·
1127 3616 1229 3656 natum

166 3696 216 3758 cis
231 3696 392 3778 publicus
407 3695 577 3772 inimicus,
594 3695 714 3759 divina
728 3693 1027 3758 animadversione
1042 3713 1116 3775 per·
1127 3666 1220 3706 ⁸²¹⁸⁴¹¹¹¹'

201 3924 260 3975 ¹Ab
277 3923 475 3988 monoperae]
500 3925 579 3974 ‘Tem
597 3891 630 3973 aii
689 3921 759 3973 ’Per
777 3923 840 3972 idem
856 3924 969 3986 triopae]
994 3923 1118 3984 Compare

167 3995 357 4055 archiepiscopo
368 4009 445 4055 quam
457 3996 490 4043 ab
504 3994 632 4054 episeopis
656 3993 699 4043 the
713 3994 844 4055 following
860 3997 968 4042 account
982 3993 1045 4043 with
1060 3994 1118 4044 Jac.

166 4064 415 4194 ‹cigrtpplfflaoceusie
431 4063 544 4113 candelis
550 4062 568 4124 ;’
584 4063 632 4113 Di·
658 4063 690 4113 de
701 4063 825 4128 Vitriaoo,
836 4077 863 4125 p.
876 4066 949 4113 1125.
