2858 4876
178 579 235 618 M).
246 579 303 618 121³.

177 630 271 670 eruendo

177 680 304 730 againsttlrc

178 730 310 781 monumen.

324 383 406 453 '268
597 405 730 452 uocum
755 407 802 452 un
825 406 1031 455 wunnovnn

342 562 453 639 fortis,
477 570 592 627 castra
617 569 794 627 moventes
822 562 1068 644 disposuerunt
1094 556 1294 626 ¹Biternen·

341 681 413 726 scm
430 662 525 727 adire
539 670 574 727 ct
590 682 791 745 expugnare
807 662 998 742 civitatem3
1016 662 1089 738 sed,
1104 668 1293 744 antequam

341 762 385 826 ad
403 762 500 827 illam
516 763 684 840 venirent,
702 761 832 826 domini
854 762 1070 844 quorundam
1087 770 1294 838 castrorum,

340 869 508 944 tanquam
535 863 624 926 male
649 861 715 926 sibi
743 861 883 939 conscii,
907 869 988 926 ante
1010 861 1133 926 faciem
1159 862 1294 926 exerci-

341 969 398 1026 tus
430 961 663 1044 aufugerunt3
687 961 813 1025 milites
843 980 981 1044 quoque
1003 969 1038 1025 et
1062 961 1185 1044 reliqui
1208 962 1293 1025 fide-

340 1061 391 1126 les
408 1061 593 1126 eorundem
618 1068 823 1139 castrorum,
845 1060 890 1126 ad
916 1060 1105 1126 exercitum
1126 1068 1293 1144 tanquam

341 1160 503 1225 catholici
518 1160 723 1226 fiducialiter
745 1161 959 1239 accedentes,
976 1180 1014 1224 se
1032 1168 1067 1226 ct
1084 1180 1150 1226 sua
1166 1168 1201 1226 et
1215 1163 1294 1245 ipsa

341 1268 458 1325 castra
486 1261 655 1325 dederunt
676 1262 712 1325 in
735 1280 859 1325 manus
882 1261 1230 1342 crucesignatorum,
1257 1268 1293 1325 et

340 1361 377 1423 in
399 1359 519 1442 vigilia
545 1361 657 1424 beatae
688 1360 812 1425 Mariae
836 1360 1058 1442 Magdalenae
1077 1361 1295 1425 tradiderunt

341 1460 477 1524 cuidam
500 1459 668 1525 monacho
693 1460 807 1525 nobile
824 1467 976 1524 castrum
995 1460 1225 1538 Cermanniae,
1240 1461 1293 1524 fu-

341 1560 458 1641 giente
485 1559 635 1637 domino,
661 1561 716 1623 cui
740 1559 889 1642 plurima
913 1567 1041 1637 castra,
1069 1566 1104 1625 et
1125 1561 1204 1644 ipsa
1230 1560 1293 1626 ad-

342 1660 482 1723 modum
518 1658 634 1737 sortia,
676 1660 930 1743 appendebant.
1001 1659 1294 1742 significaverunt

343 1767 459 1822 autem
482 1760 615 1823 civibus
640 1760 900 1824 Biternensibus
929 1780 991 1843 per
1016 1761 1217 1843 episcopum
1243 1763 1293 1824 ci-

343 1852 465 1923 vitatis
489 1860 554 1923 sub
579 1878 684 1942 poena
702 1860 1077 1935 excommunicationis
1093 1867 1133 1923 ut
1150 1860 1192 1924 de
1208 1861 1295 1926 dno-

343 1959 409 2023 bus
434 1959 581 2022 alterum
605 1959 786 2040 eligerent,
810 1967 850 2023 nt
874 1960 1048 2024 traderent
1070 1959 1203 2024 scilicet
1222 1960 1295 2025 hae-

343 2059 470 2122 reticos
497 2067 533 2123 et
550 2060 643 2123 bona
664 2079 783 2123 eorum
804 2060 841 2123 in
866 2078 989 2122 manus
1011 2078 1112 2123 cruce
1135 2058 1293 2141 signato-

342 2178 441 2239 rum;
468 2165 515 2235 et,
535 2159 564 2221 si
587 2158 652 2222 hoc
672 2178 742 2223 non
761 2166 915 2241 possent,
931 2159 1085 2224 facerent
1099 2165 1139 2223 ut
1156 2161 1294 2226 exirent

342 2257 517 2323 demedio
541 2277 672 2336 eorum,
693 2259 846 2340 alioquin
868 2265 984 2323 essent
1002 2261 1295 2325 excommunicati

342 2366 378 2422 et
404 2359 549 2440 sanguis
574 2378 692 2423 eorum
719 2378 824 2440 super
848 2359 965 2441 capita
993 2377 1122 2422 eorum.
1189 2359 1293 2438 Quod

341 2458 408 2541 ipsi
439 2458 552 2522 facere
580 2465 839 2523 contemnentes
865 2457 1090 2522 confoederati
1113 2477 1192 2521 cum
1221 2459 1294 2524 hae-

341 2558 458 2623 reticis
479 2558 686 2643 juraverunt
706 2557 772 2621 sibi
798 2564 919 2621 mutuo
943 2558 985 2622 de
1010 2559 1152 2622 civitate
1177 2558 1294 2623 defen-

342 2657 467 2734 denda,
485 2665 532 2734 et,
551 2657 617 2721 fide
633 2664 812 2740 concepta,
830 2665 1057 2740 speraverunt
1073 2657 1165 2739 quod
1184 2658 1294 2723 insul-

343 2763 420 2820 tum.
437 2775 538 2820 cruce
560 2757 774 2838 signatorum
797 2764 941 2841 possent
958 2776 1020 2838 per
1044 2757 1189 2820 multum
1208 2765 1295 2822 tem-

342 2855 437 2938 poris
459 2855 641 2920 sustinere.
695 2856 848 2921 Obsessa
868 2856 976 2938 igitur
992 2856 1134 2921 civitate
1151 2857 1186 2919 in
1202 2858 1294 2923 festo

342 2962 472 3019 sanctae
495 2955 618 3020 Mariae
642 2956 874 3038 Magdalenae,
890 2949 1129 3021 tractaverunt
1145 2957 1294 3022 barones

342 3053 613 3119 deliberatione
642 3076 772 3130 eorum,
801 3057 862 3139 qui
890 3064 989 3120 erant
1017 3055 1178 3120 catholici
1202 3058 1295 3122 inter

343 3173 427 3233 e0s3
459 3155 518 3218 sed
546 3155 670 3218 ribaldi
694 3155 832 3219 interim
857 3163 892 3219 et
912 3155 998 3219 viles
1026 3147 1195 3239 personae,
1223 3178 1293 3222 non

343 3262 546 3335 exspectato
570 3254 762 3337 principum
793 3255 957 3319 mandato
982 3256 1038 3319 vel
1065 3257 1296 3336 ordinatione,

343 3352 498 3417 fecerunt
528 3355 695 3418 insultum
728 3355 763 3417 in
798 3355 987 3432 civitatem,
1022 3362 1057 3419 et
1087 3356 1294 3422 mirantibus

344 3452 563 3531 Christianis,
584 3455 665 3518 dum
693 3454 901 3518 clamaretur
923 3455 966 3518 ad
991 3473 1099 3531 arma,
1121 3457 1294 3523 exilienti-

266 3623 270 3633 ,
343 3553 408 3616 bus
428 3553 586 3617 fidelibus
608 3553 760 3636 undique
783 3553 826 3616 ad
846 3554 1025 3630 insultum,
1052 3554 1103 3617 illi
1122 3555 1164 3618 de
1185 3557 1294 3637 intus,

344 3653 403 3734 qui
421 3673 537 3716 muros
557 3653 801 3730 defendebant,
817 3652 941 3716 librum
957 3652 1215 3735 evangeliorum
1231 3677 1294 3721 ex·

344 3759 399 3816 tra
412 3772 528 3815 muros
540 3753 771 3837 projecerunt,
786 3752 1065 3836 blasphemantes
1079 3773 1203 3838 nomen
1221 3756 1295 3821 Do-

344 3852 428 3915 mini
451 3860 486 3917 et
508 3852 740 3916 assilientibus
762 3852 990 3933 insultantes3
1016 3853 1157 3931 ‘Ecce,'
1179 3855 1295 3937 inqui·

343 3960 419 4027 unt,
437 3952 515 4014 ‘lex
532 3960 659 4027 vestra,
676 3973 745 4015 non
764 3972 926 4016 curamus
944 3954 986 4016 de
1004 3973 1066 4032 ea;
1091 3961 1208 4018 vestra
1224 3957 1295 4021 sit!

389 4127 395 4156 ¹
411 4123 614 4194 Biternensem]
637 4127 676 4177 ior
700 4128 803 4177 ‘Biter·
829 4129 913 4178 others
930 4129 994 4178 have
1014 4128 1240 4197 ‘Bituricensemf
1256 4134 1296 4184 ior

343 4200 459 4262 rensem,'
477 4214 505 4247 or
521 4198 641 4258 Beziers;
659 4199 735 4248 Paris
752 4199 802 4247 and
832 4199 955 4262 Bourges.
1007 4268 1010 4274 ι
