2858 4876
444 397 583 444 anonas
612 395 881 444 HISTORIARUM.
1068 381 1134 446 ‘253

183 553 240 631 tis,
263 563 298 619 et
320 554 463 638 proinde
486 555 604 619 divina
627 554 860 619 misericordia
882 555 1066 637 plurimum
1085 559 1134 621 in·
1147 575 1202 616 an.
1215 578 1270 616 121³·

182 654 374 736 digeamns,
405 675 468 719 nec
494 654 576 736 quid
605 654 708 736 digne
731 654 851 719 offerre
876 658 1048 739 possimus
1071 679 1134 741 pro

183 755 419 820 satisfactione
451 756 528 819 Deo
564 761 599 817 et
629 755 783 818 ecclcsiae
815 755 932 820 dehita
962 757 1133 837 facienda,

182 854 248 918 nisi
274 855 456 939 nosipsos
483 854 700 918 humiliemus
725 864 761 917 et
787 874 895 936 regna
917 865 1048 934 nostra,
1072 879 1132 922 vo·

180 953 290 1019 lentes
321 957 479 1038 nosipsos
509 954 691 1017 humiliare
720 974 783 1037 pro
808 952 888 1032 Illo,
916 957 976 1037 qui
1004 977 1041 1020 se
1069 978 1133 1040 pro

182 1055 280 1118 nobis
297 1055 491 1119 humiliavit
504 1073 615 1137 usque
637 1053 681 1117 ad
704 1061 862 1131 mortem,
880 1056 996 1136 gratia
1012 1057 1133 1122 Sancti

182 1153 331 1237 Spiritus
353 1155 556 1238 inspirante,
580 1173 648 1218 non
667 1154 702 1217 vi
726 1154 901 1218 interdicti
924 1175 986 1219 nec
1009 1157 1132 1221 timore

183 1256 305 1332 coacti,
331 1255 392 1318 sed
416 1261 536 1318 nostra
560 1254 652 1316 hona
672 1261 933 1336 spontaneaque
952 1255 1132 1322 voluntate

182 1372 223 1418 ac
236 1355 407 1418 communi
423 1354 567 1418 consilio
582 1354 749 1416 baronum
761 1360 968 1432 nostrorum,
986 1356 1131 1421 conseri-

181 1474 257 1518 mus
281 1461 317 1518 et
340 1455 447 1518 libere
470 1452 689 1517 concedimus
715 1453 805 1530 Deo,
830 1461 865 1517 et
892 1456 1023 1518 sanctis
1046 1476 1130 1540 apo·

181 1554 280 1618 stolis
306 1554 382 1638 ejus
406 1553 517 1617 'Petro
543 1559 578 1617 et
602 1551 728 1629 Paulo,
754 1561 789 1616 et
811 1562 942 1618 sanctae
961 1555 1130 1621 Romanae

180 1655 334 1718 ecclesiae
361 1654 464 1718 matri
490 1661 630 1730 nostrae,
656 1672 697 1716 ac
727 1652 865 1716 domino
891 1674 992 1737 papae
1020 1655 1129 1721 lnno-

180 1754 293 1819 centio
328 1753 473 1838 ejusque
508 1752 688 1816 catholicis
716 1756 984 1831 successorihus,
1019 1764 1130 1820 totum

180 1874 323 1935 regnum
337 1852 476 1936 Angliae
493 1860 529 1917 et
547 1860 658 1916 totum
675 1872 817 1934 regnum
839 1853 1029 1932 Hiberniae,
1051 1876 1129 1921 cum

180 1955 272 2017 omni
300 1954 380 2038 jure
407 1961 442 2017 et
469 1953 687 2036 pertiuentiis
717 1954 802 2030 suiS,
835 1974 898 2037 pro
931 1956 1153 2022 remissione,

179 2055 330 2118 omnium
352 2061 572 2137 peccatorum
596 2060 792 2117 nostrorum
816 2061 851 2117 et
868 2055 974 2118 totius
994 2058 1129 2136 generis

179 2153 301 2232 nostri,
333 2161 405 2218 tam
432 2175 496 2237 pro
526 2153 617 2218 vivis
645 2172 749 2236 quam
776 2174 838 2237 pro
870 2154 1066 2233 defunctis;
1093 2164 1129 2220 et

178 2255 302 2319 amodo
328 2255 389 2318 illa
413 2247 473 2317 ¹ab
496 2273 537 2318 eo
559 2260 595 2317 et
616 2253 762 2317 ecclesia
783 2253 944 2317 Romana
962 2261 1128 2335 tanquam

177 2346 419 2418 secundarius²
437 2354 641 2435 recipientes
658 2360 693 2416 et
705 2360 874 2429 tenentes,
890 2353 925 2415 in
942 2356 1127 2435 praesentia

178 2454 356 2536 prudentis
379 2454 445 2517 viri
468 2452 679 2535 Pandulphi,
705 2452 834 2515 domini
862 2472 963 2536 papae
988 2454 1128 2518 subdia·

177 2554 255 2618 coni
270 2561 305 2618 et
315 2553 506 2617 familiaris.
541 2552 677 2616 Exinde
695 2553 861 2635 praedicto
874 2552 1012 2617 domino
1025 2573 1127 2636 papae

179 2653 395 2730 Innocentio,
421 2653 565 2737 ejusque
590 2652 770 2716 catholicis
795 2655 1063 2731 successoribus,
1092 2662 1127 2718 et

178 2753 336 2817 ecclesiae
365 2753 547 2830 Romanae,
578 2752 763 2815 secundum
798 2753 1026 2836 subscriptam
1057 2756 1127 2816 sor-

178 2873 268 2917 mam
284 2853 426 2916 fecimus
444 2860 479 2916 et
490 2853 709 2937 juravimns3
732 2860 766 2916 et
785 2852 983 2933 homagium
1005 2854 1126 2934 ligium

178 2954 214 3016 in
231 2953 417 3036 praesentia
435 2952 563 3016 domini
587 2971 701 3035 papae,
726 2953 755 3015 si
780 2972 895 3016 coram
912 2972 1044 3016 coesse
1064 2974 1126 3036 po·

82 3090 85 3097 ·
177 3054 332 3130 terimus,
355 3052 464 3115 eidem
486 3052 670 3131 faciemus3
694 3072 909 3115 successores
932 3060 1070 3116 nostros
1091 3062 1126 3118 et

176 3152 329 3217 haeredes
345 3152 387 3216 de
398 3172 508 3216 uxore
519 3159 638 3214 nostra
651 3152 686 3214 in
700 3159 905 3234 perpetuum
918 3152 1126 3234 obligantes

176 3260 215 3317 ut
226 3253 330 3318 simili
346 3252 448 3316 modo
469 3271 602 3315 summo
625 3251 792 3333 pontifici,
811 3252 871 3333 qui
892 3271 955 3333 pro
971 3259 1125 3335 tempore

175 3353 290 3430 fuerit,
313 3360 348 3416 et
369 3352 523 3416 ecclesiae
547 3351 728 3428 Romanae,
754 3351 827 3414 sine
855 3352 1126 3416 contradictione

176 3454 324 3517 debeant
352 3451 553 3516 fidelitatem
583 3459 751 3534 praestare
783 3457 818 3514 et
845 3450 1045 3533 homagium
1073 3473 1126 3516 re-

174 3571 394 3636 cognoscere.
448 3549 503 3615 Ad
532 3550 693 3615 indicium
727 3557 841 3614 autem
871 3551 974 3634 hujus
998 3559 1126 3615 nostrae

173 3660 351 3736 perpetuae
369 3650 591 3733 obligationis
609 3659 643 3714 et
654 3652 899 3727 concessionis
916 3652 1076 3714 volumus
1092 3659 1128 3715 ct

209 3831 324 3906 bibam]
335 3837 398 3886 This
404 3851 513 3898 passage
520 3836 635 3885 hasbeen
660 3837 693 3884 tis
704 3836 753 3883 viri
766 3836 924 3897 Pandulphi,
940 3837 1037 3886 domiui
1051 3855 1126 3900 papae

173 3908 247 3958 made
259 3907 445 3970 unintelligible
462 3908 496 3968 by
507 3906 549 3954 the
566 3921 636 3954 care·
661 3906 810 3954 subdiaconi
826 3907 1006 3969 etfamiliaris,
1019 3910 1127 3958 fidelita-

173 3980 284 4028 lessnees
300 3977 330 4026 ol
344 3977 386 4026 the
402 3978 499 4026 scribe:
514 3977 535 4024 it
545 3976 636 4025 should
662 3981 711 4025 tem
729 3976 819 4024 exinde
837 3973 977 4040 praedicto,’
995 3983 1044 4028 etc.
1079 3980 1127 4028 See

172 4050 214 4110 be,
224 4051 232 4076 ‘
242 4062 259 4097 a
273 4048 330 4096 Deo
347 4052 373 4096 et
397 4048 505 4096 ecclesia
523 4047 637 4095 Romana
663 4047 711 4095 Dr.
720 4041 851 4108 Lingard’s
864 4053 929 4109 note,
941 4049 991 4097 vol.
1000 4049 1036 4097 iii.
1049 4064 1075 4109 p.
1085 4053 1127 4101 33.

171 4124 293 4180 tanquam
308 4117 473 4180 feodatarius,
487 4117 638 4177 recipientes
697 4115 888 4168 ²Secmnluriao.
909 4113 922 4184 ]
952 4119 1129 4169 ‘Feodarius'

174 4195 200 4239 et
210 4193 334 4250 tenentes,
344 4188 371 4236 in
382 4188 518 4249 praeseutia
528 4187 637 4250 pruden·
663 4187 688 4234 in
703 4188 732 4236 C.
