2858 4876
320 366 386 431 3o2
570 388 704 436 nocam
720 386 775 451 ,nn
799 384 1006 434 wanoovnn

161 560 217 600 A-D·
228 561 285 601 ¹²¹⁶·
323 559 358 615 et
373 551 549 625 clientum,
566 564 653 630 quos
675 564 793 609 omnes
809 543 929 627 procul
946 543 1049 607 dubio
1074 543 1192 606 eadem
1211 563 1272 607 ex-

322 647 643 715 communicationis
665 643 838 708 sententia
855 643 1016 708 volumus
1036 661 1112 707 esse
1129 643 1270 724 ligatoS,

322 770 403 814 nam
425 756 546 814 contra
569 745 744 810 dominum
770 763 886 826 regem
909 741 944 806 et
961 750 1119 807 sanctam
1142 743 1267 807 Roma-

322 869 401 913 nam
428 846 607 912 ecclesiam
629 845 798 909 invadunt
817 862 961 925 regnum
984 841 1135 925 Angliae,
1160 844 1271 924 quoti-

322 949 377 1013 die
399 947 639 1030 depraedantes
657 942 755 1021 illud,
780 951 815 1007 et
831 963 895 1026 pro
914 950 1014 1024 parte
1035 942 1192 1006 detinent
1212 961 1270 1007 oc-

322 1055 498 1130 cupatum,
522 1045 614 1130 qnod
639 1051 693 1108 est
720 1043 853 1107 cunctis
878 1043 914 1106 in
937 1041 1068 1124 Anglia
1091 1049 1128 1106 et
1152 1043 1270 1107 multis

321 1148 405 1212 alibi
429 1145 672 1220 manifestnm3
707 1143 869 1226 quocirca
890 1142 965 1226 jam
988 1141 1099 1206 dictos
1124 1143 1268 1219 nobiles,

321 1247 547 1311 castellanum
577 1244 737 1309 videlicet
760 1242 803 1306 de
830 1249 951 1306 sancto
979 1241 1119 1318 Omero,
1141 1241 1268 1324 Hugo·

321 1366 398 1411 nem
420 1346 578 1419 Thacun,
608 1342 834 1407 Eustachium
860 1342 903 1406 de
930 1342 1083 1418 Nevilla,
1108 1343 1269 1408 castella·

321 1466 403 1509 num
428 1447 471 1510 de
493 1444 616 1521 Arma,
648 1443 875 1508 castellanum
904 1443 947 1506 de
973 1443 1167 1520 Beaumeis,
1195 1445 1268 1509 Ne-

321 1546 425 1610 volim
461 1547 503 1609 de
532 1543 655 1620 Arraz,
694 1543 932 1608 Baldewinum
972 1542 1102 1619 Bretel,
1134 1544 1193 1609 W.
1226 1546 1269 1611 de

321 1646 466 1722 WimeS,
506 1644 683 1726 AEgidium
720 1644 763 1707 de
801 1643 946 1721 Melum,
977 1643 1037 1709 W.
1068 1642 1113 1706 de
1152 1645 1269 1711 Bello-

320 1755 448 1823 monte,
467 1744 645 1827 AEgidium
666 1745 708 1808 de
725 1744 844 1821 Hersi,
865 1745 964 1808 Biset
980 1742 1022 1807 de
1044 1744 1174 1821 Parasi,
1190 1765 1268 1810 cum
1290 1751 1296 1758 ’

320 1845 543 1931 complicibus
563 1845 635 1908 suis
660 1857 694 1908 et
715 1845 873 1909 omnibus
894 1843 964 1908 illis
988 1843 1048 1927 qui
1070 1850 1191 1910 contra
1214 1867 1267 1910 re-

320 1967 398 2028 gem
429 1946 473 2010 ad
504 1944 741 2027 occupandum
772 1943 828 2009 vel
859 1944 1091 2011 invadendum
1122 1965 1267 2028 regnum

320 2045 459 2128 Angliae
492 2064 592 2128 opem
625 2045 681 2109 vel
717 2063 855 2126 operam
889 2045 1140 2128 impenderunt,
1172 2047 1269 2110 insu-

320 2166 384 2229 per
405 2145 628 2228 saepedictum
651 2144 832 2221 decanum,
857 2165 990 2210 necnon
1013 2153 1047 2210 et
1068 2166 1187 2211 omnes
1211 2167 1268 2211 ca·

320 2247 462 2310 nonicos
494 2251 530 2308 et
551 2245 693 2308 clericos
716 2243 962 2328 cujuscumque
993 2246 1173 2327 dignitatis
1205 2255 1268 2311 aut

319 2346 449 2410 ordinis
471 2345 514 2408 de
534 2342 687 2408 ecclesiis
711 2344 866 2427 praefatis
885 2352 922 2409 et
940 2346 1093 2423 civitate,
1116 2346 1161 2411 ad
1182 2367 1268 2431 quo-

320 2466 395 2509 rum
426 2445 585 2510 notitiam
611 2444 811 2508 mandatum
839 2446 1046 2527 pervenerit,
1068 2446 1124 2510 vel
1147 2448 1268 2529 quise

319 2547 600 2621 absentaverunt,
622 2544 678 2608 vel
700 2563 904 2628 quocunque
930 2546 1033 2610 modo
1058 2566 1267 2629 procurave-

319 2652 401 2709 runt
423 2665 492 2728 quo
521 2646 633 2708 minus
660 2644 854 2726 perveniret
876 2645 920 2708 ad
943 2645 1034 2723 illos,
1060 2648 1268 2712 auctoritate

320 2746 523 2827 apostolica,
548 2763 619 2826 qua
644 2744 821 2826 fungimur
846 2745 883 2808 in
908 2744 973 2810 hac
1000 2754 1110 2828 parte,
1133 2747 1266 2812 denun-

320 2845 446 2908 tiamus
472 2845 812 2924 excommunicatos;
840 2845 939 2908 vobis
965 2846 1083 2910 eadem
1116 2848 1267 2911 auctori·

319 2952 393 3009 tate
424 2943 659 3027 injungenteS,
690 2951 860 3026 quatenus
892 2965 1010 3009 omnes
1048 2946 1267 3028 supradictos

319 3045 634 3108 excommunicatos
666 3044 803 3126 publice
834 3044 1044 3110 denuntietis
1073 3054 1109 3111 et
1130 3046 1267 3111 faciatis

318 3164 380 3226 per
395 3151 505 3208 totam
529 3143 728 3226 parochiam
746 3152 896 3208 vestram
919 3146 1098 3228 publicari,
1116 3156 1188 3210 tam
1206 3147 1267 3211 de·

318 3263 441 3308 canum
477 3263 581 3326 quam
622 3244 753 3308 nobiles
790 3244 1007 3326 supradictos
1040 3245 1269 3329 personaliter

241 3401 253 3408 .
318 3343 538 3421 nominando,
552 3344 603 3407 ita
622 3344 714 3407 circa
731 3343 797 3406 hoc
814 3351 849 3407 et
866 3343 963 3422 illud,
978 3346 1072 3428 quod
1090 3347 1126 3409 in
1147 3347 1268 3428 primis

317 3444 425 3507 literis
443 3443 541 3507 vobis
563 3443 731 3507 directum
754 3444 950 3508 continetur
969 3446 1181 3522 mandatum,
1196 3447 1267 3510 sol-

317 3543 404 3607 liciti
429 3544 630 3620 existentes
656 3563 699 3606 no
730 3563 836 3625 penes
864 3564 1033 3609 summum
1058 3545 1268 3628 pontificem,

317 3644 409 3724 quod
433 3644 535 3720 absit,
555 3643 695 3725 possitis
717 3643 879 3725 redargui
900 3643 943 3708 de
966 3646 1191 3727 negligentia,
1206 3646 1268 3710 sed
1353 3653 1356 3659 '

317 3743 359 3806 de
383 3743 562 3824 diligentia
580 3745 696 3824 potius
716 3744 959 3809 commendari.
1005 3744 1153 3810 Valete.’

338 3916 380 3979 Ut
396 3917 579 3980 Lodowicus
594 3916 702 3980 literas
716 3902 934 3982 consolatorias
949 3916 1114 3982 baronibus
1129 3918 1259 3982 miserit.

154 4061 295 4152 {tillia
369 4040 450 4104 Hac
472 4059 609 4122 quoque
630 4047 836 4122 tempestate
852 4039 1057 4104 Lodowicus
1080 4041 1270 4104 baronibus

153 4164 235 4202 raons.
317 4149 353 4203 et
382 4141 515 4205 civibus
558 4140 747 4203 Londoniis
789 4142 1082 4205 commorantibus
1124 4141 1160 4203 in
1195 4139 1270 4205 haec
