<?xml version="1.0" encoding="UTF-8"?>
<!DOCTYPE html PUBLIC "-//W3C//DTD XHTML 1.0 Transitional//EN"
    "http://www.w3.org/TR/xhtml1/DTD/xhtml1-transitional.dtd">
<html xmlns="http://www.w3.org/1999/xhtml" xml:lang="en" lang="en">
 <head>
  <title>
</title>
<meta http-equiv="Content-Type" content="text/html;charset=utf-8" />
  <meta name='ocr-system' content='tesseract 3.04.00' />
  <meta name='ocr-capabilities' content='ocr_page ocr_carea ocr_par ocr_line ocrx_word'/>
</head>
<body>
  <div class='ocr_page' id='page_1' title='image "./rogeridewendove06rogegoog_0270.png"; bbox 0 0 2858 4876; ppageno 0'>
   <div class='ocr_carea' id='block_1_1' title="bbox 399 407 1089 472">
    <p class='ocr_par' dir='ltr' id='par_1_1' title="bbox 399 407 1089 472">
     <span class='ocr_line' id='line_1_1' title="bbox 399 407 1089 472; baseline 0 -2"><span class='ocrx_word' id='word_1_1' title='bbox 399 423 539 471; x_wconf 75' lang='lat' dir='ltr'><strong>enonas</strong></span> <span class='ocrx_word' id='word_1_2' title='bbox 563 423 833 472; x_wconf 80' lang='lat' dir='ltr'><strong>nrsronmann.</strong></span> <span class='ocrx_word' id='word_1_3' title='bbox 1023 407 1089 471; x_wconf 77' lang='lat'><strong>261</strong></span> 
     </span>
    </p>
   </div>
   <div class='ocr_carea' id='block_1_2' title="bbox 45 580 1223 3752">
    <p class='ocr_par' dir='ltr' id='par_1_2' title="bbox 45 580 1223 3752">
     <span class='ocr_line' id='line_1_2' title="bbox 137 580 1223 664; baseline -0.003 -17"><span class='ocrx_word' id='word_1_4' title='bbox 137 580 229 647; x_wconf 85' lang='lat' dir='ltr'><strong>infra</strong></span> <span class='ocrx_word' id='word_1_5' title='bbox 265 581 459 664; x_wconf 83' lang='lat' dir='ltr'><strong>proximum</strong></span> <span class='ocrx_word' id='word_1_6' title='bbox 498 581 635 646; x_wconf 85' lang='lat' dir='ltr'>Pascha</span> <span class='ocrx_word' id='word_1_7' title='bbox 667 581 806 664; x_wconf 86' lang='lat' dir='ltr'>planam</span> <span class='ocrx_word' id='word_1_8' title='bbox 837 580 1088 646; x_wconf 86' lang='lat' dir='ltr'><strong>restitutionem</strong></span> <span class='ocrx_word' id='word_1_9' title='bbox 1100 594 1156 638; x_wconf 73' lang='lat' dir='ltr'><strong>aa.</strong></span> <span class='ocrx_word' id='word_1_10' title='bbox 1167 597 1223 636; x_wconf 79' lang='lat'>¹21³·</span> 
     </span>
     <span class='ocr_line' id='line_1_3' title="bbox 45 680 1090 762; baseline 0.001 -19"><span class='ocrx_word' id='word_1_11' title='bbox 45 709 48 713; x_wconf 52' lang='grc'><em>’</em></span> <span class='ocrx_word' id='word_1_12' title='bbox 140 680 269 744; x_wconf 88' lang='lat' dir='ltr'><strong>faceret</strong></span> <span class='ocrx_word' id='word_1_13' title='bbox 296 681 512 759; x_wconf 84' lang='lat' dir='ltr'><strong>ablatorum3</strong></span> <span class='ocrx_word' id='word_1_14' title='bbox 538 682 592 744; x_wconf 90' lang='lat' dir='ltr'><strong>sin</strong></span> <span class='ocrx_word' id='word_1_15' title='bbox 615 688 743 757; x_wconf 89' lang='lat' dir='ltr'><strong>autem,</strong></span> <span class='ocrx_word' id='word_1_16' title='bbox 772 682 808 744; x_wconf 92' lang='lat' dir='ltr'><strong>in</strong></span> <span class='ocrx_word' id='word_1_17' title='bbox 828 680 1009 762; x_wconf 83' lang='lat' dir='ltr'><strong>pristinam</strong></span> <span class='ocrx_word' id='word_1_18' title='bbox 1027 700 1090 745; x_wconf 87' lang='lat' dir='ltr'><strong>ex·</strong></span> 
     </span>
     <span class='ocr_line' id='line_1_4' title="bbox 140 780 1088 846; baseline 0.001 -3"><span class='ocrx_word' id='word_1_19' title='bbox 140 781 459 846; x_wconf 84' lang='lat' dir='ltr'><strong>communicationis</strong></span> <span class='ocrx_word' id='word_1_20' title='bbox 481 782 690 845; x_wconf 87' lang='lat' dir='ltr'><strong>sententiam</strong></span> <span class='ocrx_word' id='word_1_21' title='bbox 706 787 937 846; x_wconf 90' lang='lat' dir='ltr'><strong>revocaretur.</strong></span> <span class='ocrx_word' id='word_1_22' title='bbox 983 780 1007 844; x_wconf 84' lang='lat' dir='ltr'>J</span> <span class='ocrx_word' id='word_1_23' title='bbox 1011 800 1088 844; x_wconf 91' lang='lat' dir='ltr'><strong>ura·</strong></span> 
     </span>
     <span class='ocr_line' id='line_1_5' title="bbox 140 879 1089 965; baseline 0.001 -22"><span class='ocrx_word' id='word_1_24' title='bbox 140 879 191 944; x_wconf 87' lang='lat' dir='ltr'><strong>vit</strong></span> <span class='ocrx_word' id='word_1_25' title='bbox 206 889 377 962; x_wconf 84' lang='lat' dir='ltr'><strong>practerea</strong></span> <span class='ocrx_word' id='word_1_26' title='bbox 399 881 605 946; x_wconf 84' lang='lat' dir='ltr'><strong>Innocentio</strong></span> <span class='ocrx_word' id='word_1_27' title='bbox 627 900 727 964; x_wconf 84' lang='lat' dir='ltr'><strong>papae</strong></span> <span class='ocrx_word' id='word_1_28' title='bbox 745 881 890 965; x_wconf 91' lang='lat' dir='ltr'><strong>ejusque</strong></span> <span class='ocrx_word' id='word_1_29' title='bbox 910 880 1089 944; x_wconf 88' lang='lat' dir='ltr'><strong>catholicis</strong></span> 
     </span>
     <span class='ocr_line' id='line_1_6' title="bbox 139 979 1129 1067; baseline 0.002 -24"><span class='ocrx_word' id='word_1_30' title='bbox 139 979 410 1045; x_wconf 81' lang='lat' dir='ltr'><strong>successoribus·</strong></span> <span class='ocrx_word' id='word_1_31' title='bbox 426 981 627 1045; x_wconf 89' lang='lat' dir='ltr'><strong>fidelitatem</strong></span> <span class='ocrx_word' id='word_1_32' title='bbox 661 988 695 1045; x_wconf 91' lang='lat' dir='ltr'><strong>et</strong></span> <span class='ocrx_word' id='word_1_33' title='bbox 725 980 967 1056; x_wconf 79' lang='lat' dir='ltr'><strong>obedientiam,</strong></span> <span class='ocrx_word' id='word_1_34' title='bbox 1000 982 1089 1045; x_wconf 91' lang='lat' dir='ltr'><strong>sicut</strong></span> <span class='ocrx_word' id='word_1_35' title='bbox 1127 1062 1129 1067; x_wconf 23' lang='grc' dir='ltr'>Ι</span> 
     </span>
     <span class='ocr_line' id='line_1_7' title="bbox 138 1080 1089 1163; baseline 0.002 -21"><span class='ocrx_word' id='word_1_36' title='bbox 138 1081 299 1162; x_wconf 90' lang='lat' dir='ltr'><strong>superius</strong></span> <span class='ocrx_word' id='word_1_37' title='bbox 322 1080 357 1144; x_wconf 93' lang='lat' dir='ltr'><strong>in</strong></span> <span class='ocrx_word' id='word_1_38' title='bbox 380 1081 510 1163; x_wconf 89' lang='lat' dir='ltr'><strong>scripto</strong></span> <span class='ocrx_word' id='word_1_39' title='bbox 527 1080 704 1144; x_wconf 89' lang='lat' dir='ltr'><strong>redactum</strong></span> <span class='ocrx_word' id='word_1_40' title='bbox 727 1080 946 1160; x_wconf 83' lang='lat' dir='ltr'><strong>continetur3</strong></span> <span class='ocrx_word' id='word_1_41' title='bbox 967 1080 1089 1144; x_wconf 90' lang='lat' dir='ltr'><strong>deinde</strong></span> 
     </span>
     <span class='ocr_line' id='line_1_8' title="bbox 141 1178 1089 1262; baseline 0.002 -20"><span class='ocrx_word' id='word_1_42' title='bbox 141 1178 421 1262; x_wconf 85' lang='lat' dir='ltr'><strong>archiepiscopus</strong></span> <span class='ocrx_word' id='word_1_43' title='bbox 452 1181 581 1244; x_wconf 89' lang='lat' dir='ltr'><strong>ducens</strong></span> <span class='ocrx_word' id='word_1_44' title='bbox 611 1180 708 1244; x_wconf 89' lang='lat' dir='ltr'><strong>illum</strong></span> <span class='ocrx_word' id='word_1_45' title='bbox 736 1181 773 1244; x_wconf 93' lang='lat' dir='ltr'><strong>in</strong></span> <span class='ocrx_word' id='word_1_46' title='bbox 804 1179 984 1244; x_wconf 91' lang='lat' dir='ltr'><strong>ecclesiam</strong></span> <span class='ocrx_word' id='word_1_47' title='bbox 1010 1181 1089 1245; x_wconf 92' lang='lat' dir='ltr'><strong>mis-</strong></span> 
     </span>
     <span class='ocr_line' id='line_1_9' title="bbox 140 1279 1088 1363; baseline 0.003 -23"><span class='ocrx_word' id='word_1_48' title='bbox 140 1296 216 1341; x_wconf 91' lang='lat' dir='ltr'><strong>sam</strong></span> <span class='ocrx_word' id='word_1_49' title='bbox 238 1279 438 1357; x_wconf 87' lang='lat' dir='ltr'><strong>celebravit,</strong></span> <span class='ocrx_word' id='word_1_50' title='bbox 458 1287 494 1344; x_wconf 91' lang='lat' dir='ltr'><strong>et</strong></span> <span class='ocrx_word' id='word_1_51' title='bbox 514 1285 594 1363; x_wconf 92' lang='lat' dir='ltr'><strong>post</strong></span> <span class='ocrx_word' id='word_1_52' title='bbox 612 1280 753 1344; x_wconf 90' lang='lat' dir='ltr'><strong>missam</strong></span> <span class='ocrx_word' id='word_1_53' title='bbox 775 1280 819 1343; x_wconf 90' lang='lat' dir='ltr'><strong>ad</strong></span> <span class='ocrx_word' id='word_1_54' title='bbox 837 1298 991 1344; x_wconf 88' lang='lat' dir='ltr'><strong>mensam</strong></span> <span class='ocrx_word' id='word_1_55' title='bbox 1011 1299 1088 1343; x_wconf 92' lang='lat' dir='ltr'><strong>cum</strong></span> 
     </span>
     <span class='ocr_line' id='line_1_10' title="bbox 139 1379 1089 1463; baseline 0.003 -22"><span class='ocrx_word' id='word_1_56' title='bbox 139 1397 221 1460; x_wconf 79' lang='lat' dir='ltr'><strong>rege</strong></span> <span class='ocrx_word' id='word_1_57' title='bbox 254 1379 444 1444; x_wconf 83' lang='lat' dir='ltr'><strong>residentes</strong></span> <span class='ocrx_word' id='word_1_58' title='bbox 487 1379 766 1462; x_wconf 88' lang='lat' dir='ltr'><strong>archiepiscopus</strong></span> <span class='ocrx_word' id='word_1_59' title='bbox 805 1398 883 1443; x_wconf 88' lang='lat' dir='ltr'><strong>cum</strong></span> <span class='ocrx_word' id='word_1_60' title='bbox 917 1380 1089 1463; x_wconf 90' lang='lat' dir='ltr'><strong>episcopis</strong></span> 
     </span>
     <span class='ocr_line' id='line_1_11' title="bbox 138 1479 1090 1562; baseline 0.003 -22"><span class='ocrx_word' id='word_1_61' title='bbox 138 1483 176 1541; x_wconf 86' lang='lat' dir='ltr'><strong>et</strong></span> <span class='ocrx_word' id='word_1_62' title='bbox 198 1479 421 1560; x_wconf 84' lang='lat' dir='ltr'><strong>magnatibus</strong></span> <span class='ocrx_word' id='word_1_63' title='bbox 448 1479 618 1544; x_wconf 88' lang='lat' dir='ltr'><strong>universis</strong></span> <span class='ocrx_word' id='word_1_64' title='bbox 646 1480 877 1562; x_wconf 88' lang='lat' dir='ltr'><strong>epulabantur</strong></span> <span class='ocrx_word' id='word_1_65' title='bbox 899 1479 937 1542; x_wconf 92' lang='lat' dir='ltr'><strong>in</strong></span> <span class='ocrx_word' id='word_1_66' title='bbox 966 1479 1090 1544; x_wconf 88' lang='lat' dir='ltr'><strong>laetitia</strong></span> 
     </span>
     <span class='ocr_line' id='line_1_12' title="bbox 139 1575 1089 1662; baseline 0.001 -21"><span class='ocrx_word' id='word_1_67' title='bbox 139 1584 177 1641; x_wconf 88' lang='lat' dir='ltr'><strong>et</strong></span> <span class='ocrx_word' id='word_1_68' title='bbox 200 1575 431 1662; x_wconf 85' lang='lat' dir='ltr'><strong>jocunditate.</strong></span> <span class='ocrx_word' id='word_1_69' title='bbox 499 1579 543 1644; x_wconf 93' lang='lat' dir='ltr'><strong>In</strong></span> <span class='ocrx_word' id='word_1_70' title='bbox 576 1579 728 1644; x_wconf 87' lang='lat' dir='ltr'><strong>crastino</strong></span> <span class='ocrx_word' id='word_1_71' title='bbox 760 1585 877 1643; x_wconf 90' lang='lat' dir='ltr'><strong>autem</strong></span> <span class='ocrx_word' id='word_1_72' title='bbox 909 1579 1004 1642; x_wconf 91' lang='lat' dir='ltr'><strong>misit</strong></span> <span class='ocrx_word' id='word_1_73' title='bbox 1025 1599 1089 1642; x_wconf 85' lang='lat' dir='ltr'><strong>rex</strong></span> 
     </span>
     <span class='ocr_line' id='line_1_13' title="bbox 135 1675 1089 1761; baseline 0.002 -21"><span class='ocrx_word' id='word_1_74' title='bbox 135 1676 258 1752; x_wconf 48' lang='lat' dir='ltr'><strong>,literas</strong></span> <span class='ocrx_word' id='word_1_75' title='bbox 281 1678 326 1742; x_wconf 91' lang='lat' dir='ltr'><strong>ad</strong></span> <span class='ocrx_word' id='word_1_76' title='bbox 347 1698 465 1743; x_wconf 90' lang='lat' dir='ltr'><strong>omnes</strong></span> <span class='ocrx_word' id='word_1_77' title='bbox 484 1679 704 1743; x_wconf 87' lang='lat' dir='ltr'><strong>vicecomites</strong></span> <span class='ocrx_word' id='word_1_78' title='bbox 727 1679 824 1761; x_wconf 84' lang='lat' dir='ltr'><strong>regni</strong></span> <span class='ocrx_word' id='word_1_79' title='bbox 841 1675 980 1760; x_wconf 82' lang='lat' dir='ltr'><strong>Angliae</strong></span> <span class='ocrx_word' id='word_1_80' title='bbox 1000 1698 1089 1760; x_wconf 86' lang='lat' dir='ltr'><strong>prae-</strong></span> 
     </span>
     <span class='ocr_line' id='line_1_14' title="bbox 140 1777 1089 1860; baseline 0.002 -19"><span class='ocrx_word' id='word_1_81' title='bbox 140 1777 285 1860; x_wconf 87' lang='lat' dir='ltr'><strong>cipiens,</strong></span> <span class='ocrx_word' id='word_1_82' title='bbox 300 1786 339 1843; x_wconf 93' lang='lat' dir='ltr'><strong>ut</strong></span> <span class='ocrx_word' id='word_1_83' title='bbox 354 1778 397 1843; x_wconf 90' lang='lat' dir='ltr'><strong>de</strong></span> <span class='ocrx_word' id='word_1_84' title='bbox 414 1778 560 1860; x_wconf 82' lang='lat' dir='ltr'><strong>singulis</strong></span> <span class='ocrx_word' id='word_1_85' title='bbox 578 1778 825 1845; x_wconf 86' lang='lat' dir='ltr'><strong>dominicorum</strong></span> <span class='ocrx_word' id='word_1_86' title='bbox 841 1797 982 1841; x_wconf 92' lang='lat' dir='ltr'><strong>suorum</strong></span> <span class='ocrx_word' id='word_1_87' title='bbox 997 1778 1089 1843; x_wconf 88' lang='lat' dir='ltr'><strong>villis</strong></span> 
     </span>
     <span class='ocr_line' id='line_1_15' title="bbox 141 1877 1087 1961; baseline 0.003 -22"><span class='ocrx_word' id='word_1_88' title='bbox 141 1884 291 1959; x_wconf 89' lang='lat' dir='ltr'><strong>quatuor</strong></span> <span class='ocrx_word' id='word_1_89' title='bbox 317 1877 448 1960; x_wconf 83' lang='lat' dir='ltr'><strong>legales</strong></span> <span class='ocrx_word' id='word_1_90' title='bbox 480 1877 635 1942; x_wconf 90' lang='lat' dir='ltr'><strong>homines</strong></span> <span class='ocrx_word' id='word_1_91' title='bbox 666 1897 744 1942; x_wconf 92' lang='lat' dir='ltr'><strong>cum</strong></span> <span class='ocrx_word' id='word_1_92' title='bbox 779 1878 966 1961; x_wconf 87' lang='lat' dir='ltr'><strong>praeposito</strong></span> <span class='ocrx_word' id='word_1_93' title='bbox 997 1879 1087 1960; x_wconf 87' lang='lat' dir='ltr'><strong>apud</strong></span> 
     </span>
     <span class='ocr_line' id='line_1_16' title="bbox 140 1975 1090 2060; baseline 0.002 -20"><span class='ocrx_word' id='word_1_94' title='bbox 140 1982 299 2041; x_wconf 86' lang='lat' dir='ltr'><strong>sanctum</strong></span> <span class='ocrx_word' id='word_1_95' title='bbox 315 1977 490 2042; x_wconf 84' lang='lat' dir='ltr'><strong>Albanum</strong></span> <span class='ocrx_word' id='word_1_96' title='bbox 511 1977 622 2060; x_wconf 90' lang='lat' dir='ltr'><strong>pridie</strong></span> <span class='ocrx_word' id='word_1_97' title='bbox 643 1997 753 2043; x_wconf 87' lang='lat' dir='ltr'><strong>nonas</strong></span> <span class='ocrx_word' id='word_1_98' title='bbox 768 1975 921 2060; x_wconf 84' lang='lat' dir='ltr'><strong>Augusti</strong></span> <span class='ocrx_word' id='word_1_99' title='bbox 937 1976 1090 2042; x_wconf 89' lang='lat' dir='ltr'><strong>facerent</strong></span> 
     </span>
     <span class='ocr_line' id='line_1_17' title="bbox 90 2067 1089 2160; baseline 0.003 -21"><span class='ocrx_word' id='word_1_100' title='bbox 90 2067 97 2078; x_wconf 84' lang='lat'>&#39;</span> <span class='ocrx_word' id='word_1_101' title='bbox 140 2077 337 2155; x_wconf 87' lang='lat' dir='ltr'><strong>convenire,</strong></span> <span class='ocrx_word' id='word_1_102' title='bbox 354 2085 394 2141; x_wconf 91' lang='lat' dir='ltr'><strong>ut</strong></span> <span class='ocrx_word' id='word_1_103' title='bbox 410 2096 472 2160; x_wconf 90' lang='lat' dir='ltr'><strong>per</strong></span> <span class='ocrx_word' id='word_1_104' title='bbox 486 2077 565 2142; x_wconf 90' lang='lat' dir='ltr'><strong>illos</strong></span> <span class='ocrx_word' id='word_1_105' title='bbox 587 2085 623 2141; x_wconf 91' lang='lat' dir='ltr'><strong>et</strong></span> <span class='ocrx_word' id='word_1_106' title='bbox 642 2078 730 2141; x_wconf 91' lang='lat' dir='ltr'><strong>alios</strong></span> <span class='ocrx_word' id='word_1_107' title='bbox 750 2078 926 2142; x_wconf 92' lang='lat' dir='ltr'><strong>ministros</strong></span> <span class='ocrx_word' id='word_1_108' title='bbox 946 2096 1029 2141; x_wconf 92' lang='lat' dir='ltr'><strong>suos</strong></span> <span class='ocrx_word' id='word_1_109' title='bbox 1046 2077 1089 2142; x_wconf 95' lang='lat' dir='ltr'><strong>de</strong></span> 
     </span>
     <span class='ocr_line' id='line_1_18' title="bbox 140 2175 1090 2260; baseline 0.001 -21"><span class='ocrx_word' id='word_1_110' title='bbox 140 2175 275 2240; x_wconf 89' lang='lat' dir='ltr'><strong>damnis</strong></span> <span class='ocrx_word' id='word_1_111' title='bbox 299 2177 516 2259; x_wconf 83' lang='lat' dir='ltr'><strong>singulorum</strong></span> <span class='ocrx_word' id='word_1_112' title='bbox 541 2177 781 2260; x_wconf 88' lang='lat' dir='ltr'><strong>episcoporum</strong></span> <span class='ocrx_word' id='word_1_113' title='bbox 810 2184 846 2241; x_wconf 91' lang='lat' dir='ltr'><strong>et</strong></span> <span class='ocrx_word' id='word_1_114' title='bbox 870 2177 996 2241; x_wconf 87' lang='lat' dir='ltr'><strong>ablatis</strong></span> <span class='ocrx_word' id='word_1_115' title='bbox 1019 2196 1090 2240; x_wconf 90' lang='lat' dir='ltr'><strong>cer-</strong></span> 
     </span>
     <span class='ocr_line' id='line_1_19' title="bbox 140 2274 1089 2359; baseline 0.004 -21"><span class='ocrx_word' id='word_1_116' title='bbox 140 2274 322 2339; x_wconf 87' lang='lat' dir='ltr'><strong>titudinem</strong></span> <span class='ocrx_word' id='word_1_117' title='bbox 349 2276 537 2359; x_wconf 88' lang='lat' dir='ltr'><strong>inquireret</strong></span> <span class='ocrx_word' id='word_1_118' title='bbox 559 2283 594 2340; x_wconf 88' lang='lat' dir='ltr'><strong>et</strong></span> <span class='ocrx_word' id='word_1_119' title='bbox 620 2276 702 2359; x_wconf 91' lang='lat' dir='ltr'><strong>quid</strong></span> <span class='ocrx_word' id='word_1_120' title='bbox 726 2277 873 2359; x_wconf 82' lang='lat' dir='ltr'><strong>singulis</strong></span> <span class='ocrx_word' id='word_1_121' title='bbox 896 2275 1089 2342; x_wconf 89' lang='lat' dir='ltr'><strong>deberetur.</strong></span> 
     </span>
     <span class='ocr_line' id='line_1_20' title="bbox 142 2370 1089 2459; baseline 0.004 -22"><span class='ocrx_word' id='word_1_122' title='bbox 142 2373 229 2439; x_wconf 91' lang='lat' dir='ltr'><strong>Inde</strong></span> <span class='ocrx_word' id='word_1_123' title='bbox 256 2395 338 2440; x_wconf 90' lang='lat' dir='ltr'><strong>vero</strong></span> <span class='ocrx_word' id='word_1_124' title='bbox 371 2376 465 2459; x_wconf 92' lang='lat' dir='ltr'><strong>apnd</strong></span> <span class='ocrx_word' id='word_1_125' title='bbox 494 2375 736 2441; x_wconf 89' lang='lat' dir='ltr'><strong>Portesmuthe</strong></span> <span class='ocrx_word' id='word_1_126' title='bbox 764 2397 842 2441; x_wconf 91' lang='lat' dir='ltr'><strong>cum</strong></span> <span class='ocrx_word' id='word_1_127' title='bbox 857 2370 1089 2441; x_wconf 57' lang='lat' dir='ltr'><strong>&#39;festinatione</strong></span> 
     </span>
     <span class='ocr_line' id='line_1_21' title="bbox 139 2469 1089 2553; baseline 0.001 -14"><span class='ocrx_word' id='word_1_128' title='bbox 139 2475 294 2553; x_wconf 88' lang='lat' dir='ltr'><strong>veniens,</strong></span> <span class='ocrx_word' id='word_1_129' title='bbox 317 2483 357 2540; x_wconf 90' lang='lat' dir='ltr'><strong>nt</strong></span> <span class='ocrx_word' id='word_1_130' title='bbox 374 2475 615 2541; x_wconf 88' lang='lat' dir='ltr'><strong>transfretaret</strong></span> <span class='ocrx_word' id='word_1_131' title='bbox 628 2477 664 2540; x_wconf 93' lang='lat' dir='ltr'><strong>in</strong></span> <span class='ocrx_word' id='word_1_132' title='bbox 689 2475 895 2553; x_wconf 87' lang='lat' dir='ltr'><strong>Pictaviam,</strong></span> <span class='ocrx_word' id='word_1_133' title='bbox 912 2469 1089 2540; x_wconf 88' lang='lat' dir='ltr'><strong>¹Galfrido</strong></span> 
     </span>
     <span class='ocr_line' id='line_1_22' title="bbox 140 2573 1088 2658; baseline 0.001 -21"><span class='ocrx_word' id='word_1_134' title='bbox 140 2573 329 2639; x_wconf 86' lang='lat' dir='ltr'><strong>filio-Petri</strong></span> <span class='ocrx_word' id='word_1_135' title='bbox 350 2581 386 2640; x_wconf 91' lang='lat' dir='ltr'><strong>et</strong></span> <span class='ocrx_word' id='word_1_136' title='bbox 405 2575 568 2658; x_wconf 89' lang='lat' dir='ltr'><strong>episcopo</strong></span> <span class='ocrx_word' id='word_1_137' title='bbox 589 2576 823 2640; x_wconf 90' lang='lat' dir='ltr'><strong>Wintoniensi</strong></span> <span class='ocrx_word' id='word_1_138' title='bbox 851 2595 994 2657; x_wconf 84' lang='lat' dir='ltr'><strong>regnum</strong></span> <span class='ocrx_word' id='word_1_139' title='bbox 1015 2573 1088 2639; x_wconf 86' lang='lat' dir='ltr'><strong>An-</strong></span> 
     </span>
     <span class='ocr_line' id='line_1_23' title="bbox 139 2672 1088 2757; baseline 0.001 -20"><span class='ocrx_word' id='word_1_140' title='bbox 139 2672 221 2755; x_wconf 86' lang='lat' dir='ltr'><strong>gliae</strong></span> <span class='ocrx_word' id='word_1_141' title='bbox 243 2676 427 2752; x_wconf 88' lang='lat' dir='ltr'><strong>commisit,</strong></span> <span class='ocrx_word' id='word_1_142' title='bbox 449 2675 652 2757; x_wconf 83' lang='lat' dir='ltr'><strong>praecipiens</strong></span> <span class='ocrx_word' id='word_1_143' title='bbox 678 2682 717 2739; x_wconf 92' lang='lat' dir='ltr'><strong>ut</strong></span> <span class='ocrx_word' id='word_1_144' title='bbox 734 2695 812 2740; x_wconf 91' lang='lat' dir='ltr'><strong>cum</strong></span> <span class='ocrx_word' id='word_1_145' title='bbox 834 2675 978 2739; x_wconf 92' lang='lat' dir='ltr'><strong>consilio</strong></span> <span class='ocrx_word' id='word_1_146' title='bbox 999 2673 1088 2738; x_wconf 90' lang='lat' dir='ltr'><strong>Can-</strong></span> 
     </span>
     <span class='ocr_line' id='line_1_24' title="bbox 141 2772 1097 2858; baseline 0.001 -22"><span class='ocrx_word' id='word_1_147' title='bbox 141 2772 326 2837; x_wconf 89' lang='lat' dir='ltr'><strong>tuariensis</strong></span> <span class='ocrx_word' id='word_1_148' title='bbox 348 2775 596 2858; x_wconf 88' lang='lat' dir='ltr'><strong>archiepiscopi</strong></span> <span class='ocrx_word' id='word_1_149' title='bbox 616 2775 733 2839; x_wconf 90' lang='lat' dir='ltr'><strong>omnia</strong></span> <span class='ocrx_word' id='word_1_150' title='bbox 757 2777 855 2857; x_wconf 81' lang='lat' dir='ltr'><strong>regni</strong></span> <span class='ocrx_word' id='word_1_151' title='bbox 876 2773 1018 2857; x_wconf 82' lang='lat' dir='ltr'><strong>negotia</strong></span> <span class='ocrx_word' id='word_1_152' title='bbox 1037 2795 1097 2844; x_wconf 53' lang='lat' dir='ltr'><strong>ors</strong></span> 
     </span>
     <span class='ocr_line' id='line_1_25' title="bbox 141 2871 1089 2956; baseline 0.001 -21"><span class='ocrx_word' id='word_1_153' title='bbox 141 2871 311 2938; x_wconf 89' lang='lat' dir='ltr'><strong>dinarent.</strong></span> <span class='ocrx_word' id='word_1_154' title='bbox 363 2873 443 2953; x_wconf 88' lang='lat' dir='ltr'><strong>Quo</strong></span> <span class='ocrx_word' id='word_1_155' title='bbox 461 2873 566 2951; x_wconf 90' lang='lat' dir='ltr'><strong>facto,</strong></span> <span class='ocrx_word' id='word_1_156' title='bbox 585 2882 752 2939; x_wconf 88' lang='lat' dir='ltr'><strong>venerunt</strong></span> <span class='ocrx_word' id='word_1_157' title='bbox 767 2874 894 2939; x_wconf 91' lang='lat' dir='ltr'><strong>ibidem</strong></span> <span class='ocrx_word' id='word_1_158' title='bbox 912 2875 956 2938; x_wconf 87' lang='lat' dir='ltr'><strong>ad</strong></span> <span class='ocrx_word' id='word_1_159' title='bbox 973 2893 1089 2956; x_wconf 79' lang='lat' dir='ltr'><strong>regem</strong></span> 
     </span>
     <span class='ocr_line' id='line_1_26' title="bbox 141 2973 1090 3057; baseline 0.001 -22"><span class='ocrx_word' id='word_1_160' title='bbox 141 2991 324 3037; x_wconf 88' lang='lat' dir='ltr'><strong>numerosa</strong></span> <span class='ocrx_word' id='word_1_161' title='bbox 346 2974 494 3038; x_wconf 91' lang='lat' dir='ltr'><strong>militum</strong></span> <span class='ocrx_word' id='word_1_162' title='bbox 510 2973 707 3052; x_wconf 89' lang='lat' dir='ltr'><strong>multitudo,</strong></span> <span class='ocrx_word' id='word_1_163' title='bbox 723 2981 984 3057; x_wconf 88' lang='lat' dir='ltr'><strong>conquerentes,</strong></span> <span class='ocrx_word' id='word_1_164' title='bbox 997 2974 1090 3055; x_wconf 92' lang='lat' dir='ltr'><strong>quod</strong></span> 
     </span>
     <span class='ocr_line' id='line_1_27' title="bbox 139 3071 1090 3157; baseline 0.001 -22"><span class='ocrx_word' id='word_1_165' title='bbox 139 3071 177 3135; x_wconf 94' lang='lat' dir='ltr'><strong>in</strong></span> <span class='ocrx_word' id='word_1_166' title='bbox 195 3072 341 3151; x_wconf 86' lang='lat' dir='ltr'><strong>diutina,</strong></span> <span class='ocrx_word' id='word_1_167' title='bbox 359 3092 463 3156; x_wconf 93' lang='lat' dir='ltr'><strong>quam</strong></span> <span class='ocrx_word' id='word_1_168' title='bbox 484 3073 531 3136; x_wconf 91' lang='lat' dir='ltr'><strong>ibi</strong></span> <span class='ocrx_word' id='word_1_169' title='bbox 550 3073 716 3152; x_wconf 84' lang='lat' dir='ltr'><strong>fecerant,</strong></span> <span class='ocrx_word' id='word_1_170' title='bbox 737 3074 997 3157; x_wconf 83' lang='lat' dir='ltr'><strong>exspectatione</strong></span> <span class='ocrx_word' id='word_1_171' title='bbox 1016 3094 1090 3136; x_wconf 92' lang='lat' dir='ltr'><strong>om-</strong></span> 
     </span>
     <span class='ocr_line' id='line_1_28' title="bbox 141 3173 1089 3257; baseline 0 -22"><span class='ocrx_word' id='word_1_172' title='bbox 141 3190 220 3235; x_wconf 90' lang='lat' dir='ltr'><strong>nem</strong></span> <span class='ocrx_word' id='word_1_173' title='bbox 235 3174 418 3254; x_wconf 89' lang='lat' dir='ltr'><strong>pecuniam</strong></span> <span class='ocrx_word' id='word_1_174' title='bbox 440 3192 538 3236; x_wconf 90' lang='lat' dir='ltr'><strong>suam</strong></span> <span class='ocrx_word' id='word_1_175' title='bbox 555 3181 850 3257; x_wconf 89' lang='lat' dir='ltr'><strong>consumpserant,</strong></span> <span class='ocrx_word' id='word_1_176' title='bbox 865 3173 956 3236; x_wconf 90' lang='lat' dir='ltr'><strong>unde</strong></span> <span class='ocrx_word' id='word_1_177' title='bbox 974 3173 1089 3254; x_wconf 92' lang='lat' dir='ltr'><strong>ipsum</strong></span> 
     </span>
     <span class='ocr_line' id='line_1_29' title="bbox 142 3271 1091 3355; baseline 0.001 -20"><span class='ocrx_word' id='word_1_178' title='bbox 142 3272 241 3355; x_wconf 89' lang='lat' dir='ltr'><strong>sequi</strong></span> <span class='ocrx_word' id='word_1_179' title='bbox 260 3273 465 3355; x_wconf 85' lang='lat' dir='ltr'><strong>nequierant</strong></span> <span class='ocrx_word' id='word_1_180' title='bbox 479 3273 546 3335; x_wconf 90' lang='lat' dir='ltr'><strong>nisi</strong></span> <span class='ocrx_word' id='word_1_181' title='bbox 566 3272 609 3335; x_wconf 90' lang='lat' dir='ltr'><strong>de</strong></span> <span class='ocrx_word' id='word_1_182' title='bbox 631 3273 714 3337; x_wconf 90' lang='lat' dir='ltr'><strong>fisco</strong></span> <span class='ocrx_word' id='word_1_183' title='bbox 731 3273 800 3336; x_wconf 92' lang='lat' dir='ltr'><strong>illis</strong></span> <span class='ocrx_word' id='word_1_184' title='bbox 818 3271 1014 3336; x_wconf 90' lang='lat' dir='ltr'><strong>necessaria</strong></span> <span class='ocrx_word' id='word_1_185' title='bbox 1030 3272 1091 3336; x_wconf 92' lang='lat' dir='ltr'><strong>mi-</strong></span> 
     </span>
     <span class='ocr_line' id='line_1_30' title="bbox 140 3372 1092 3456; baseline 0 -22"><span class='ocrx_word' id='word_1_186' title='bbox 140 3372 328 3452; x_wconf 85' lang='lat' dir='ltr'><strong>nistraret3</strong></span> <span class='ocrx_word' id='word_1_187' title='bbox 350 3372 535 3456; x_wconf 87' lang='lat' dir='ltr'><strong>quodcum</strong></span> <span class='ocrx_word' id='word_1_188' title='bbox 551 3390 613 3435; x_wconf 85' lang='lat' dir='ltr'><strong>rex</strong></span> <span class='ocrx_word' id='word_1_189' title='bbox 631 3372 744 3437; x_wconf 88' lang='lat' dir='ltr'><strong>facere</strong></span> <span class='ocrx_word' id='word_1_190' title='bbox 761 3379 966 3448; x_wconf 86' lang='lat' dir='ltr'><strong>recusasset,</strong></span> <span class='ocrx_word' id='word_1_191' title='bbox 980 3372 1092 3435; x_wconf 91' lang='lat' dir='ltr'><strong>iratus</strong></span> 
     </span>
     <span class='ocr_line' id='line_1_31' title="bbox 141 3471 1090 3554; baseline -0.001 -20"><span class='ocrx_word' id='word_1_192' title='bbox 141 3490 221 3535; x_wconf 90' lang='lat' dir='ltr'><strong>cum</strong></span> <span class='ocrx_word' id='word_1_193' title='bbox 249 3473 387 3554; x_wconf 87' lang='lat' dir='ltr'><strong>privata</strong></span> <span class='ocrx_word' id='word_1_194' title='bbox 411 3472 542 3535; x_wconf 90' lang='lat' dir='ltr'><strong>familia</strong></span> <span class='ocrx_word' id='word_1_195' title='bbox 564 3491 672 3536; x_wconf 88' lang='lat' dir='ltr'><strong>naves</strong></span> <span class='ocrx_word' id='word_1_196' title='bbox 697 3472 850 3536; x_wconf 89' lang='lat' dir='ltr'><strong>ascendit</strong></span> <span class='ocrx_word' id='word_1_197' title='bbox 871 3479 906 3535; x_wconf 92' lang='lat' dir='ltr'><strong>et</strong></span> <span class='ocrx_word' id='word_1_198' title='bbox 931 3479 1011 3554; x_wconf 93' lang='lat' dir='ltr'><strong>post</strong></span> <span class='ocrx_word' id='word_1_199' title='bbox 1029 3471 1090 3534; x_wconf 88' lang='lat' dir='ltr'><strong>tri-</strong></span> 
     </span>
     <span class='ocr_line' id='line_1_32' title="bbox 142 3565 1091 3654; baseline 0.001 -21"><span class='ocrx_word' id='word_1_200' title='bbox 142 3571 250 3634; x_wconf 92' lang='lat' dir='ltr'><strong>duum</strong></span> <span class='ocrx_word' id='word_1_201' title='bbox 275 3572 368 3654; x_wconf 89' lang='lat' dir='ltr'><strong>apud</strong></span> <span class='ocrx_word' id='word_1_202' title='bbox 389 3565 551 3635; x_wconf 84' lang='lat' dir='ltr'><strong>²Gerseie</strong></span> <span class='ocrx_word' id='word_1_203' title='bbox 574 3572 722 3636; x_wconf 91' lang='lat' dir='ltr'><strong>insulam</strong></span> <span class='ocrx_word' id='word_1_204' title='bbox 746 3572 926 3654; x_wconf 91' lang='lat' dir='ltr'><strong>applicuit,</strong></span> <span class='ocrx_word' id='word_1_205' title='bbox 949 3589 1091 3652; x_wconf 83' lang='lat' dir='ltr'><strong>magna-</strong></span> 
     </span>
     <span class='ocr_line' id='line_1_33' title="bbox 143 3671 1092 3752; baseline 0 -19"><span class='ocrx_word' id='word_1_206' title='bbox 143 3671 236 3734; x_wconf 88' lang='lat' dir='ltr'><strong>tibus</strong></span> <span class='ocrx_word' id='word_1_207' title='bbox 266 3671 338 3735; x_wconf 91' lang='lat' dir='ltr'><strong>suis</strong></span> <span class='ocrx_word' id='word_1_208' title='bbox 367 3671 505 3736; x_wconf 91' lang='lat' dir='ltr'><strong>domum</strong></span> <span class='ocrx_word' id='word_1_209' title='bbox 534 3671 702 3752; x_wconf 81' lang='lat' dir='ltr'><strong>reversis3</strong></span> <span class='ocrx_word' id='word_1_210' title='bbox 735 3672 794 3735; x_wconf 93' lang='lat' dir='ltr'><strong>uhi</strong></span> <span class='ocrx_word' id='word_1_211' title='bbox 821 3691 898 3734; x_wconf 93' lang='lat' dir='ltr'><strong>cum</strong></span> <span class='ocrx_word' id='word_1_212' title='bbox 927 3690 989 3734; x_wconf 89' lang='lat' dir='ltr'><strong>rex</strong></span> <span class='ocrx_word' id='word_1_213' title='bbox 1017 3689 1092 3734; x_wconf 89' lang='lat' dir='ltr'><strong>sese</strong></span> 
     </span>
    </p>
   </div>
   <div class='ocr_carea' id='block_1_3' title="bbox 142 3892 1094 4241">
    <p class='ocr_par' dir='ltr' id='par_1_3' title="bbox 142 3892 1094 4102">
     <span class='ocr_line' id='line_1_34' title="bbox 142 3892 1094 3966; baseline -0.003 -18"><span class='ocrx_word' id='word_1_214' title='bbox 142 3906 147 3915; x_wconf 87' lang='grc'><strong><em>’</em></strong></span> <span class='ocrx_word' id='word_1_215' title='bbox 179 3895 318 3959; x_wconf 78' lang='lat' dir='ltr'><strong>¹Gclfrido</strong></span> <span class='ocrx_word' id='word_1_216' title='bbox 338 3892 518 3966; x_wconf 67' lang='lat' dir='ltr'><strong>filio-Petri]</strong></span> <span class='ocrx_word' id='word_1_217' title='bbox 554 3897 606 3946; x_wconf 86' lang='lat' dir='ltr'><strong>His</strong></span> <span class='ocrx_word' id='word_1_218' title='bbox 631 3899 839 3948; x_wconf 80' lang='lat' dir='ltr'><strong>transfretaturus</strong></span> <span class='ocrx_word' id='word_1_219' title='bbox 858 3899 1000 3948; x_wconf 85' lang='lat' dir='ltr'><strong>custodiam</strong></span> <span class='ocrx_word' id='word_1_220' title='bbox 1022 3900 1094 3960; x_wconf 75' lang='lat' dir='ltr'><strong>regni</strong></span> 
     </span>
     <span class='ocr_line' id='line_1_35' title="bbox 142 3967 1094 4031; baseline -0.002 -12"><span class='ocrx_word' id='word_1_221' title='bbox 142 3969 244 4019; x_wconf 86' lang='lat' dir='ltr'><strong>charter</strong></span> <span class='ocrx_word' id='word_1_222' title='bbox 253 3969 283 4018; x_wconf 91' lang='lat' dir='ltr'><strong>of</strong></span> <span class='ocrx_word' id='word_1_223' title='bbox 290 3970 462 4031; x_wconf 89' lang='lat' dir='ltr'><strong>appointment</strong></span> <span class='ocrx_word' id='word_1_224' title='bbox 472 3969 495 4017; x_wconf 84' lang='lat' dir='ltr'><strong>is</strong></span> <span class='ocrx_word' id='word_1_225' title='bbox 505 3967 606 4030; x_wconf 86' lang='lat' dir='ltr'><strong>printed</strong></span> <span class='ocrx_word' id='word_1_226' title='bbox 631 3984 706 4031; x_wconf 84' lang='lat' dir='ltr'><strong>papae</strong></span> <span class='ocrx_word' id='word_1_227' title='bbox 717 3974 743 4018; x_wconf 88' lang='lat' dir='ltr'><strong>et</strong></span> <span class='ocrx_word' id='word_1_228' title='bbox 751 3968 865 4031; x_wconf 85' lang='lat' dir='ltr'><strong>ejusdem</strong></span> <span class='ocrx_word' id='word_1_229' title='bbox 876 3984 965 4030; x_wconf 83' lang='lat' dir='ltr'><strong>pacem</strong></span> <span class='ocrx_word' id='word_1_230' title='bbox 974 3969 1094 4030; x_wconf 86' lang='lat' dir='ltr'><strong>episcopo</strong></span> 
     </span>
     <span class='ocr_line' id='line_1_36' title="bbox 142 4035 872 4102; baseline 0 -14"><span class='ocrx_word' id='word_1_231' title='bbox 142 4039 170 4088; x_wconf 93' lang='lat' dir='ltr'><strong>in</strong></span> <span class='ocrx_word' id='word_1_232' title='bbox 179 4040 283 4102; x_wconf 83' lang='lat' dir='ltr'><strong>Rymer‚</strong></span> <span class='ocrx_word' id='word_1_233' title='bbox 293 4040 311 4089; x_wconf 87' lang='lat' dir='ltr'><strong>i.</strong></span> <span class='ocrx_word' id='word_1_234' title='bbox 323 4055 350 4102; x_wconf 85' lang='lat' dir='ltr'><strong>p.</strong></span> <span class='ocrx_word' id='word_1_235' title='bbox 364 4043 411 4088; x_wconf 82' lang='lat'><strong>118</strong></span> <span class='ocrx_word' id='word_1_236' title='bbox 421 4055 428 4100; x_wconf 91' lang='lat'><strong>;</strong></span> <span class='ocrx_word' id='word_1_237' title='bbox 440 4053 472 4087; x_wconf 93' lang='lat' dir='ltr'><strong>on</strong></span> <span class='ocrx_word' id='word_1_238' title='bbox 483 4037 525 4087; x_wconf 85' lang='lat' dir='ltr'><strong>the</strong></span> <span class='ocrx_word' id='word_1_239' title='bbox 536 4051 607 4087; x_wconf 86' lang='lat' dir='ltr'><strong>same</strong></span> <span class='ocrx_word' id='word_1_240' title='bbox 631 4039 742 4089; x_wconf 90' lang='lat' dir='ltr'><strong>Winton.</strong></span> <span class='ocrx_word' id='word_1_241' title='bbox 754 4035 872 4089; x_wconf 83' lang='lat' dir='ltr'><strong>mandat’</strong></span> 
     </span>
    </p>

    <p class='ocr_par' dir='ltr' id='par_1_4' title="bbox 144 4107 878 4171">
     <span class='ocr_line' id='line_1_37' title="bbox 144 4107 878 4171; baseline -0.005 -13"><span class='ocrx_word' id='word_1_242' title='bbox 144 4123 211 4171; x_wconf 84' lang='lat' dir='ltr'><strong>page</strong></span> <span class='ocrx_word' id='word_1_243' title='bbox 231 4110 254 4159; x_wconf 88' lang='lat' dir='ltr'><strong>is</strong></span> <span class='ocrx_word' id='word_1_244' title='bbox 276 4108 381 4159; x_wconf 84' lang='lat' dir='ltr'><strong>another</strong></span> <span class='ocrx_word' id='word_1_245' title='bbox 400 4109 500 4158; x_wconf 83' lang='lat' dir='ltr'><strong>charter</strong></span> <span class='ocrx_word' id='word_1_246' title='bbox 515 4123 548 4156; x_wconf 89' lang='lat' dir='ltr'><strong>on</strong></span> <span class='ocrx_word' id='word_1_247' title='bbox 564 4107 607 4156; x_wconf 92' lang='lat' dir='ltr'><strong>the</strong></span> <span class='ocrx_word' id='word_1_248' title='bbox 875 4160 878 4167; x_wconf 34' lang='lat'><em>¹</em></span> 
     </span>
    </p>

    <p class='ocr_par' dir='ltr' id='par_1_5' title="bbox 144 4167 1047 4241">
     <span class='ocr_line' id='line_1_38' title="bbox 144 4167 1047 4241; baseline -0.008 -13"><span class='ocrx_word' id='word_1_249' title='bbox 144 4193 214 4230; x_wconf 84' lang='lat' dir='ltr'><strong>same</strong></span> <span class='ocrx_word' id='word_1_250' title='bbox 243 4180 371 4241; x_wconf 85' lang='lat' dir='ltr'><strong>occasion,</strong></span> <span class='ocrx_word' id='word_1_251' title='bbox 398 4178 504 4228; x_wconf 84' lang='lat' dir='ltr'><strong>entitled</strong></span> <span class='ocrx_word' id='word_1_252' title='bbox 530 4178 608 4226; x_wconf 84' lang='lat' dir='ltr'><strong>‘Rex</strong></span> <span class='ocrx_word' id='word_1_253' title='bbox 668 4168 816 4241; x_wconf 56' lang='lat' dir='ltr'><strong>tua-reia]</strong></span> <span class='ocrx_word' id='word_1_254' title='bbox 834 4167 1003 4236; x_wconf 81' lang='lat' dir='ltr'><strong>‘Gerneseae‚&#39;</strong></span> <span class='ocrx_word' id='word_1_255' title='bbox 1017 4173 1047 4221; x_wconf 82' lang='lat' dir='ltr'><strong>G.</strong></span> 
     </span>
    </p>
   </div>
   <div class='ocr_carea' id='block_1_4' title="bbox 0 0 1437 4876">
    <p class='ocr_par' dir='ltr' id='par_1_6' title="bbox 0 0 1437 4876">
     <span class='ocr_line' id='line_1_39' title="bbox 0 0 1437 4876; baseline 0 0"><span class='ocrx_word' id='word_1_256' title='bbox 0 0 1437 4876; x_wconf 95' lang='lat' dir='ltr'><strong> </strong></span> 
     </span>
    </p>
   </div>
  </div>
 </body>
</html>
