2858 4876
432 401 572 450 rnonns
598 401 870 451 ursrornnnuru.
1055 387 1121 452 343

171 559 206 620 in
223 558 288 622 hoc
305 577 393 622 onus
416 557 634 622 concedimus
656 566 691 622 et
708 558 889 636 donamus,
912 567 1038 640 praeter
1058 580 1186 624 na-nn.
1198 585 1254 624 nn.

170 659 313 739 nigrum,
336 659 426 740 quod
450 677 551 723 cruce
576 659 722 745 signatis
748 658 790 722 de
814 657 879 722 hac
907 661 990 723 urbe
1013 667 1119 744 atque
1130 631 1222 724 {liliis

170 758 293 822 vicinis
312 759 469 840 partibus
493 758 727 838 conferemus3
758 759 974 841 assignantes
994 735 1222 826 nihilo-⁰⁰⁰¹'⁰¹¹'

170 858 285 922 minus
307 858 350 921 ad
375 858 440 922 hoc
460 859 573 941 ipsum
590 858 766 941 negotium
782 859 849 922 tria
863 859 971 923 millia
983 878 1118 926 marcas

170 958 317 1038 argenti,
342 978 420 1040 quae
442 958 534 1041 apud
561 977 625 1023 nos
650 958 692 1023 de
724 959 939 1041 quorundam
964 959 1117 1025 fidelium

170 1056 397 1143 eleemosynis
412 1066 661 1123 remanserunt.
695 1057 884 1141 Cupientes
898 1067 1014 1123 autem
1028 1060 1117 1126 alios

169 1157 578 1240 ecclesiarum‘praelatos
598 1178 730 1223 necnon
752 1166 788 1223 et
811 1159 954 1223 clericos
980 1160 1118 1225 univer-

169 1276 226 1320 sos
250 1259 342 1322 etin
365 1259 487 1322 merito
510 1259 596 1322 etin
618 1257 761 1340 praemio
783 1258 909 1322 habere
931 1259 1116 1342 participes

169 1363 204 1421 et
226 1365 414 1435 consortes,
445 1360 642 1436 statuimus,
669 1365 709 1422 ut
731 1377 861 1436 omnes,
886 1365 958 1421 tam
985 1359 1115 1424 subditi

167 1476 271 1539 quam
297 1458 446 1540 praelati,
471 1459 674 1540 vigesimam
701 1459 1010 1522 ecclesiasticorum
1034 1479 1115 1541 pro-

169 1565 333 1622 ventuum
356 1557 524 1640 usquead
548 1559 730 1622 triennium
755 1557 933 1622 conserant
948 1559 984 1621 in
1002 1560 1115 1624 subsi-

168 1657 261 1720 dium
287 1665 389 1722 terrae
406 1666 549 1736 sanctae,
570 1659 638 1722 illis
659 1659 827 1740 exceptiS,
850 1659 909 1740 qui
934 1667 1113 1741 assumpto

169 1758 224 1820 vel
240 1759 446 1822 assumendo
463 1759 575 1821 crucis
592 1758 771 1839 signaculo
788 1764 870 1822 sunt
886 1758 1114 1839 personaliter

167 1856 376 1938 profecturi;
406 1877 470 1921 nos
497 1864 613 1921 autem
636 1865 670 1921 et
692 1857 817 1920 tratres
846 1859 955 1920 nostri
981 1864 1112 1921 sanctae

167 1955 335 2021 Romanae
363 1958 517 2023 ecclesiae
548 1957 740 2021 cardinales
763 1957 917 2038 plenarie
945 1956 1112 2020 decimam

164 2057 412 2138 persolvemus.
464 2057 655 2122 Statuimus
684 2058 799 2135 etiam,
828 2064 867 2120 ut
895 2073 1014 2120 omnes
1044 2057 1113 2120 cle-

166 2157 229 2221 rici
250 2158 324 2222 sive
344 2157 424 2221 laici
445 2164 525 2240 post
542 2177 675 2222 crucem
700 2164 914 2239 assumptam
936 2158 1001 2219 sub
1018 2158 1112 2221 beati

167 2256 264 2322 Petri
285 2277 326 2328 ac
340 2265 460 2321 nostra
481 2259 695 2340 protectione
712 2257 823 2321 securi
838 2263 1013 2334 maneant,
1031 2277 1112 2321 nec·

165 2377 235 2421 non
251 2359 315 2421 sub
338 2357 686 2440 archiepiscoporum,
706 2357 956 2439 episcoporum,
977 2376 1019 2420 ac
1039 2376 1112 2420 orn·

167 2457 261 2521 nium
296 2456 518 2540 praelatorum
552 2457 707 2521 ecclesiae
737 2456 804 2520 Dei
836 2454 1046 2532 defensione,
1077 2462 1112 2519 et

167 2576 284 2621 eorum
315 2558 406 2620 bona
427 2557 543 2619 omnia
568 2557 770 2632 consistant,
788 2555 838 2618 ita
861 2562 911 2632 ut,
937 2555 1046 2619 donec
1069 2554 1111 2618 de

168 2657 322 2738 ipsorum
339 2657 437 2720 obitu
454 2657 510 2720 vel
530 2657 642 2721 reditu
663 2656 851 2719 certissime
869 2661 1111 2736 cognoscatur,

165 2756 301 2839 integra
322 2764 485 2821 maneant
502 2776 543 2820 ae
560 2758 688 2840 quieta.
729 2755 766 2818 Si
781 2756 840 2837 qui
857 2773 940 2818 vero
956 2754 1112 2836 proficis·

87 2855 90 2862 '
165 2858 316 2920 centium
334 2856 378 2919 ad
396 2856 612 2939 praestandas
634 2874 757 2920 usuras
773 2855 972 2939 juramento
991 2861 1112 2918 tenen·

166 2962 222 3019 tur
242 2956 411 3034 adstricti,
437 2956 624 3020 creditores
646 2975 776 3032 eorum,
799 2962 837 3018 ut
859 2955 1036 3017 remittant
1062 2954 1112 3021 eis

164 3057 356 3137 praestitum
367 3056 603 3140 juramentum
619 3062 654 3120 et
671 3058 715 3119 ab
731 3074 914 3118 usurarum
930 3054 1112 3118 exactione

164 3155 344 3233 desistant,
361 3156 595 3221 ecclesiastica
610 3155 822 3220 districtione
842 3153 1109 3235 compellantur;

165 3255 208 3319 de
232 3255 366 3320 Judaeis
394 3255 459 3318 hoe
491 3256 579 3319 idem
609 3261 802 3319 statuentes
834 3274 896 3336 per
921 3253 1112 3315 secularem

164 3361 383 3437 potestatem,
416 3362 456 3418 ut
485 3356 528 3418 ad
566 3355 631 3418 hoc
668 3353 861 3418 faciendum
891 3352 1110 3416 inducantur.

166 3454 276 3519 Porro
293 3455 514 3518 ecclesiarum
531 3455 680 3537 praelati,
696 3454 756 3535 qui
774 3454 811 3515 in
832 3451 1027 3515 exhibenda
1035 3451 1112 3534 jus·

165 3555 243 3618 titia
260 3574 360 3618 cruce
382 3555 528 3636 signatis
553 3560 724 3618 eteorum
751 3552 1031 3634 procuratoribus
1051 3558 1113 3615 aut

163 3653 302 3719 familiis
318 3655 534 3737 negligentes
550 3654 760 3731 exstiterint,
774 3654 886 3717 sciant
903 3672 940 3716 se
958 3651 1113 3733 graviter

165 3754 368 3835 puniendos
405 3753 578 3818 Caeterum
589 3753 631 3817 de
641 3754 792 3818 virorum
802 3752 1021 3834 prudentium
1033 3770 1113 3813 con·

165 3854 242 3918 silio
260 3854 454 3932 definimus,
469 3861 509 3917 ut
524 3855 574 3918 ita
586 3873 624 3916 se
639 3871 741 3916 cruce
757 3853 887 3933 signati
902 3855 1112 3933 praeparent,

165 3963 205 4018 ut
220 3955 256 4016 in
274 3953 431 4018 kalendis
448 3953 472 4018 J
474 3955 546 4017 unii
560 3952 737 4036 sequentis
754 3959 835 4034 post
853 3951 1061 4033 proximum,
1078 3955 1113 4012 et

165 4054 223 4135 qni
239 4054 472 4137 disposuerint
485 4055 632 4118 transire
648 4073 710 4135 per
724 4071 828 4130 mare,
849 4050 1056 4114 conveniant
1077 4049 1113 4111 in

164 4173 308 4236 regnum
326 4153 464 4230 Siciliae,
493 4153 552 4217 alii
578 4152 671 4236 apud
688 4150 933 4227 Brundusium,
944 4148 1005 4212 alii
1021 4146 1113 4229 apud
