2858 4876
410 403 549 453 rnosns
572 404 841 454 msrosmnuu.
1037 390 1102 456 187

151 563 337 646 Repellam
368 558 581 648 ¹applicuit3
613 585 683 648 qno
718 565 849 642 audito,
880 566 1101 647 congratula-
1115 581 1263 649 anno„

151 666 277 729 bantur
294 664 417 729 incolae
439 672 541 729 terrae
563 665 669 743 illius,
695 673 730 729 et
750 666 957 748 quantocius
980 666 1023 730 ad
1049 687 1103 730 re·

151 784 229 847 gem
253 765 477 831 convolantes
500 784 600 848 opem
621 766 652 828 ei
677 773 712 830 et
729 765 898 830 auxilium
919 767 1023 831 certis
1045 786 1103 831 as·

152 865 358 930 sertionibus
386 865 628 949 promiserunt.
681 864 843 930 Securius
869 885 952 948 ergo
977 866 1104 931 exinde

152 965 375 1048 progrediens
396 972 530 1049 partem
555 965 621 1029 sibi
647 985 716 1029 non
745 966 915 1030 modicam
937 974 1038 1031 terrae
1064 967 1104 1031 il·

154 1065 220 1129 lius
236 1065 448 1150 subjugavit.
479 1064 633 1130 Veniens
648 1066 788 1130 tandem
804 1051 847 1130 ad
866 1065 1104 1133 Mentem-Al-

154 1163 246 1243 bani,
268 1165 449 1230 castellum
476 1164 739 1245 nobilissimum,
760 1167 795 1229 in
820 1186 889 1249 quo
911 1174 987 1231 tota
1015 1167 1104 1231 mili·

155 1265 239 1329 teris
262 1265 425 1330 nobilitas
449 1265 543 1330 illius
568 1266 719 1348 regionis
740 1273 776 1331 et
796 1267 970 1350 praecipue
994 1267 1105 1349 ipsius

156 1366 246 1448 regis
274 1365 404 1430 inimici
429 1366 635 1430 tenebantur
659 1366 796 1446 inclusi,
830 1366 914 1430 illud
947 1368 1105 1450 protinus

156 1465 274 1531 cuneis
290 1465 497 1531 militaribus
513 1464 764 1531 circumcinxit.
817 1466 905 1531 Cum
922 1465 1030 1549 igitur
1044 1487 1107 1550 per

155 1566 228 1631 dies
251 1566 447 1649 quindecim
478 1566 660 1631 castellum
685 1567 850 1632 continuo
877 1567 1106 1650 petrariarum

156 1665 287 1731 insultu
304 1673 340 1731 et
353 1666 559 1732 balistarum
576 1666 829 1750 fundorumque
841 1668 943 1752 jactu
958 1667 994 1730 in
1010 1685 1106 1730 max-

157 1766 227 1830 ima
242 1766 318 1851 jam
341 1773 441 1849 parte
466 1766 721 1843 contrivissent,
750 1767 875 1831 militia
893 1766 1045 1849 Angliae,
1070 1765 1107 1830 in

156 1866 222 1931 boc
244 1867 463 1950 potissimum
488 1886 592 1950 opere
619 1866 815 1944 laudabilis,
844 1887 961 1932 muros
988 1886 1108 1931 ascen-

157 1965 237 2031 dere
261 1967 420 2049 ictusque
446 1967 682 2049 importabiles
705 1966 788 2030 dare
808 1974 845 2033 et
866 1968 1019 2048 recipere
1041 1967 1108 2030 fes·

158 2067 303 2132 tinabat.
369 2066 645 2132 Praevalentibus
671 2066 810 2131 tandem
838 2066 1045 2148 Angligenis
1071 2074 1108 2131 et
1199 2135 1204 2143 ,

159 2166 302 2231 inclusis
322 2166 574 2245 deficientibuS‚
596 2175 736 2249 captum
757 2174 811 2231 est
833 2167 1013 2231 castellum
1033 2186 1108 2231 mn-

158 2267 364 2331 nitissimum
399 2266 442 2331 de
479 2265 761 2345 Monte-Albani,
797 2268 890 2349 quod
931 2266 1107 2332 obsidione

158 2367 318 2450 septenni
347 2359 511 2431 ²Carolus
533 2385 680 2449 magnus
712 2366 793 2431 olim
821 2366 1009 2451 subjugare
1039 2387 1107 2432 non

160 2467 302 2550 potnit3
336 2468 477 2530 nomina
507 2474 622 2531 autem
656 2474 858 2549 magnatum
888 2474 925 2532 et
956 2467 1108 2530 virorum

160 2567 359 2641 illustrium,
377 2567 437 2649 qui
459 2567 495 2629 in
517 2565 661 2631 castello
683 2585 761 2630 cum
783 2568 881 2650 equis
898 2574 934 2631 et
953 2568 1058 2630 armis
1074 2575 1110 2631 ct

160 2667 281 2750 spoliis
300 2667 488 2731 innumeris
508 2667 602 2750 capti
624 2674 718 2745 sunt,
740 2687 804 2731 rex
823 2665 1017 2749 Anglorum
1031 2666 1109 2751 jus·

161 2767 303 2831 ticiariis
335 2773 371 2831 et
395 2767 566 2850 episcopis
589 2765 728 2848 Angliae
757 2768 960 2850 caeterisque
988 2767 1112 2831 nobili·

161 2867 227 2931 bns
249 2866 455 2931 litteratorie
477 2866 698 2949 significavit.
752 2866 903 2950 Captum
923 2873 977 2931 est
995 2874 1111 2931 autem

161 2966 342 3032 castellum
366 2967 403 3030 in
426 2966 482 3031 die
510 2967 642 3031 scilicet
664 2959 796 3032 ⁸sancti
819 2966 928 3045 Petri,
947 2968 1008 3051 qui
1027 2966 1111 3032 dici-

164 3074 220 3131 tur
235 3073 246 3102 ‘
259 3068 303 3132 ad
321 3064 483 3132 vincula!

241 3243 291 3307 De
307 3242 454 3329 leyctioce
468 3241 623 3306 lobannis
639 3241 804 3306 Ferentini
821 3242 855 3305 iu
871 3239 1033 3326 Aetam.

215 3368 345 3433 Eodem
365 3387 457 3432 anno
474 3366 654 3431 Johannes
676 3366 893 3443 Ferentinus,
914 3364 1114 3447 apostolicae
1126 3385 1244 3426 couneus

164 3467 255 3533 sedis
277 3468 428 3551 legatus,
451 3468 593 3533 veniens
621 3467 658 3530 in
680 3464 846 3547 Angliam
871 3484 1016 3547 eamque
1036 3437 1231 3547 per-nm*

201 3661 365 3727 uppetona]
385 3660 509 3723 compare
521 3661 627 3724 Rigord,
651 3661 710 3723 ban,
718 3660 846 3722 supposed
853 3660 887 3722 by
894 3658 1008 3709 Fancbet
1017 3663 1043 3709 to
1051 3660 1117 3709 bave

165 3749 192 3795 p.
208 3736 258 3794 6⁰;
281 3732 376 3782 Obron.
394 3731 426 3780 de
448 3732 475 3781 S.
493 3732 584 3792 Denis,
600 3747 626 3792 p.
653 3732 716 3779 been
732 3731 833 3778 written
850 3730 885 3791 by
897 3730 977 3778 Huon
993 3729 1025 3777 de
1037 3730 1117 3778 Ville-

167 3807 231 3852 898:
248 3803 275 3851 in
286 3802 384 3852 neither
394 3803 417 3850 is
433 3803 543 3850 mention
554 3802 628 3850 made
653 3815 734 3849 neure
752 3801 778 3848 in
789 3800 831 3849 the
843 3800 978 3848 thirteenth
996 3804 1115 3860 century:

165 3873 194 3922 ol
201 3873 243 3922 tbe
253 3873 344 3936 taking
353 3872 383 3921 oi
391 3872 557 3922 Montaubun.
655 3885 671 3919 a
682 3885 746 3932 copy
757 3870 787 3919 ol
794 3870 815 3917 it
824 3885 879 3919 was
890 3869 945 3919 sold
957 3874 984 3919 at
994 3870 1036 3918 the
1048 3870 1117 3918 dnke

655 3940 688 3988 de
706 3940 733 3989 la
752 3936 886 3990 Valliere's
907 3941 961 3990 sule
981 3939 1019 3988 lor
1038 3940 1119 4001 sixty·

200 4009 326 4062 waratus
347 4009 480 4074 magam]
512 4009 630 4059 Allusion
656 4010 727 4071 eight
736 4009 829 4059 francs.

167 4083 316 4144 apparently
332 4083 355 4131 is
374 4082 434 4131 bere
451 4081 525 4130 made
545 4087 571 4129 to
588 4079 631 4127 the
692 4078 795 4130 ³Suncti
803 4082 874 4130 Petri
885 4117 891 4132 .
901 4115 908 4132 .
920 4116 926 4130 .
938 4074 1119 4141 ‘oduinum

166 4166 281 4203 manca
298 4152 327 4202 ol
341 4152 446 4202 &naun
463 4151 496 4201 de
514 4152 632 4200 Montan-
658 4149 761 4214 August
774 4155 820 4201 lst.
