2858 4876
165 561 221 600 Ad).
232 561 288 600 1199.

171 2363 227 2403 John
237 2374 286 2412 goes

171 2414 215 2453 into
225 2414 278 2453 Nor·

171 2465 255 2514 mundy.

325 369 390 439 149
581 385 788 433 uocemue
811 382 1020 432 wnnoovun

327 544 464 623 ligeret,
487 550 522 607 et
545 562 621 607 eam
648 544 692 610 ab
717 543 913 607 incursione
941 540 1204 623 malignantium
1226 541 1280 604 in·

328 644 485 707 demnem
509 650 753 722 conservaret;
781 650 816 707 et
830 642 936 725 quod,
956 643 1128 726 perversis
1145 641 1280 722 legibus

328 743 526 821 destructiS,
554 744 663 807 bonas
692 744 919 807 substitueret
949 750 985 807 et
1011 748 1141 805 rectam
1170 741 1279 824 justi-

329 844 413 915 tiam
431 845 467 907 in
486 863 594 925 regno
613 842 750 924 Angliae
771 850 962 907 exerceret.
1022 841 1157 906 Deinde
1180 840 1281 924 adju-

328 952 425 1008 ratus
450 952 504 1007 est
526 944 569 1006 ab
593 943 711 1006 eodem
735 943 994 1026 archiepiscopo
1022 962 1066 1006 ex
1089 948 1189 1024 parte
1212 941 1279 1004 Dei

329 1052 364 1110 et
379 1044 534 1108 districte
552 1043 757 1127 prohibitus
775 1063 819 1106 ne
837 1043 1001 1107 honorem
1017 1042 1108 1105 hunc
1124 1041 1281 1123 accipere

329 1151 565 1226 praesumeret,
595 1144 660 1206 nisi
689 1145 725 1206 in
750 1151 865 1208 mente
891 1143 1017 1206 habeat
1045 1161 1161 1225 opere,
1187 1141 1280 1224 qnod

325 1244 519 1328 juraverat,
535 1242 722 1327 adimplere
735 1264 744 1322 ;
763 1244 807 1306 ad
824 1243 888 1308 hoc
903 1243 962 1307 ille
978 1241 1189 1327 respondens
1202 1261 1280 1324 pro·

330 1345 436 1420 misit,
463 1363 583 1426 seper
606 1344 775 1408 auxilium
800 1344 880 1420 Dei,
913 1346 1002 1408 bona
1029 1342 1106 1420 fide,
1132 1361 1174 1405 ea
1201 1361 1281 1423 quae

325 1444 506 1528 juraverat
529 1450 758 1508 servaturum.
819 1443 863 1507 In
891 1443 1042 1507 crastino
1065 1451 1194 1519 autem,
1217 1441 1279 1505 ho·

330 1544 453 1626 magiis
471 1550 506 1608 et
523 1543 748 1608 fidelitatibus
766 1545 928 1627 acceptiS,
946 1545 1083 1608 beatum
1106 1541 1280 1606 Albanum

330 1651 618 1727 protomartyrem
635 1642 775 1724 Angliae
799 1642 966 1708 orationis
995 1644 1110 1725 gratia
1133 1643 1281 1707 devotus

330 1744 476 1826 petivit;
508 1751 543 1807 et
568 1745 631 1821 sic,
658 1744 897 1808 brevissimam
926 1745 962 1807 in
985 1743 1116 1825 Anglia
1148 1762 1280 1806 moram
1332 1773 1334 1776 ·

331 1843 473 1920 facienS,
498 1863 644 1927 eaquae
670 1844 856 1908 statuenda
882 1852 982 1909 erant
1007 1845 1044 1907 in
1070 1863 1178 1924 regno
1202 1862 1280 1905 cum

331 1943 473 2007 consilio
489 1951 691 2026 magnatum
708 1944 773 2008 rite
790 1945 936 2027 peregit.

370 2116 413 2182 Ut
429 2140 483 2182 rec
497 2119 654 2183 Iohannes
671 2120 705 2183 in
720 2119 954 2183 Normnnnc'cru
969 2119 1123 2182 transiens
1136 2117 1247 2183 multoe

580 2218 692 2284 nabide
708 2217 768 2283 stit
785 2218 1042 2284 reconciliaverit.

384 2337 559 2407 Instante¹
584 2364 666 2408 vero
691 2343 853 2426 deinceps
883 2343 972 2408 festo
996 2343 1089 2407 beati
1110 2343 1134 2408 J
1136 2343 1284 2408 ohannis

334 2442 518 2525 Baptistae,
535 2463 605 2527 qua
622 2444 698 2527 ejus
717 2445 882 2508 nativitas
901 2444 1106 2521 celebratur,
1128 2445 1164 2507 in
1188 2444 1283 2508 Nor-

332 2544 507 2608 manniam
528 2545 789 2623 transfretavit3
813 2551 860 2621 et,
883 2563 960 2608 cum
976 2544 1128 2608 venisset
1146 2543 1282 2608 Rotho-

333 2662 486 2724 magum,
508 2645 705 2709 confluebat
730 2643 874 2707 adeum
901 2643 1086 2708 multitudo
1113 2646 1284 2726 equestris

333 2745 508 2808 exercitus
530 2753 566 2809 ct
588 2744 770 2827 pedestris
793 2764 881 2825 quos
902 2745 939 2807 in
961 2745 1103 2809 servitio
1125 2763 1188 2808 suo
1211 2764 1285 2809 om-

332 2863 394 2908 nes
422 2845 524 2910 laetus
551 2846 704 2910 retinnit.
758 2843 894 2909 Deinde
916 2843 1072 2909 habitum
1097 2851 1152 2908 est
1175 2844 1284 2909 collo·

334 2945 452 3026 quium
470 2945 561 3009 inter
581 2964 697 3027 regem
721 2945 934 3008 Francorum
958 2951 994 3008 et
1011 2945 1138 3027 ipsum,
1157 2944 1193 3007 in
1212 2964 1283 3028 qno

334 3051 477 3113 statutae
494 3052 576 3108 sunt
590 3053 721 3127 treugae
736 3065 846 3128 nsque
866 3045 1108 3109 incrastinum
1128 3063 1285 3128 assump-

335 3144 440 3209 tionis
466 3145 576 3208 beatae
600 3145 736 3222 Mariae,
758 3153 798 3209 ut
817 3145 929 3209 medio
952 3151 1106 3227 tempore
1129 3144 1172 3208 de
1196 3164 1283 3227 pace

276 3242 284 3258 ⁸
335 3249 536 3308 tractarent.
588 3244 696 3310 Venit
723 3247 855 3308 interea
878 3245 922 3309 ad
948 3264 1066 3326 regern
1087 3243 1284 3309 Johannem
1339 3289 1344 3296 -

335 3362 450 3407 comes
482 3345 705 3410 Flandrensis
734 3345 825 3428 apud
858 3344 1132 3426 Rothomagum,
1159 3351 1195 3408 et
1224 3345 1285 3408 alii

335 3444 435 3508 multi
461 3445 593 3509 nobiles
621 3446 664 3509 de
692 3466 799 3527 regno
826 3445 1053 3520 Francorum,
1084 3452 1119 3509 et
1143 3445 1285 3528 pepige-

335 3552 415 3608 runt
431 3544 546 3609 foedus
562 3545 722 3610 amicitiae
745 3565 822 3608 cum
845 3565 899 3622 eo,
920 3545 1012 3608 sicut
1032 3544 1185 3608 fecerant
1206 3565 1285 3609 cum

334 3663 416 3726 rege
440 3645 615 3711 Richardo
637 3652 760 3710 contra
782 3665 897 3728 regem
919 3645 1152 3724 Francorum
1175 3645 1286 3710 facta-

334 3763 401 3826 que
418 3747 604 3811 securitate
632 3746 677 3810 ad
701 3746 862 3823 invicem,
885 3746 1124 3829 unusquisque
1145 3745 1182 3809 in
1205 3766 1284 3828 pro·-

334 3845 411 3925 pria
426 3866 502 3911 sese
517 3847 659 3930 recepit.

589 4044 736 4116 Hortante]
755 4049 889 4111 Heredem,
900 4065 926 4111 p.
939 4053 997 4101 794.
