2858 4876
173 889 199 928 A
203 889 228 928 D.
240 889 297 928 1204.

173 940 215 987 11⁰ss
216 941 257 978 end

171 989 298 1038 concerning

173 1051 200 1078 an
211 1039 267 1089 imag
268 1040 313 1079 eol

171 1091 296 1141 tbevirgin.

335 397 400 462 176
592 411 725 460 nocunr
749 410 796 458 nn
819 411 1026 460 wnunovnn

351 647 401 710 Dr
415 645 507 712 initio
522 655 693 712 mmorulae
706 647 856 732 irrupistis
869 655 898 710 rt
913 643 1096 732 quibusdum
1111 643 1275 709 miraculis

739 746 881 831 masdra.

389 870 471 936 Fuit
499 871 591 955 apud
615 873 840 948 Damascum,
863 869 1080 953 metropolim
1102 868 1214 952 Syriae
1238 869 1287 931 ci-

336 971 490 1048 vitatem,
508 972 714 1037 venerabilis
731 971 890 1086 quaedam
907 978 1078 1048 matrona,
1093 989 1172 1051 qnee
1189 987 1287 1032 sanc-

335 1071 524 1137 timonialis
550 1071 704 1136 habitum
736 1072 928 1154 suscipiens
955 1071 1032 1135 Deo
1063 1069 1286 1134 devotissime

335 1172 464 1237 servire
489 1172 671 1253 studebat3
699 1179 745 1249 et,
770 1179 808 1236 ut
831 1172 972 1236 liberius
994 1170 1120 1235 divinis
1144 1178 1286 1234 vacaret

335 1273 522 1354 obsequiis,
553 1221 687 1337 civilein
717 1271 901 1359 declinans⁴
925 1271 1112 1336 tumultum
1141 1289 1205 1333 sex
1240 1269 1284 1331 ab

334 1373 418 1436 urbe
441 1373 608 1456 praedicta
633 1373 803 1436 milliariis
828 1371 871 1434 ad
898 1372 1012 1437 locum
1035 1369 1201 1434 Sardenai
1221 1388 1284 1451 ap-

334 1472 500 1555 pellatum
527 1474 682 1550 recessit,
711 1472 827 1555 ibique
855 1472 994 1536 domum
1021 1471 1144 1535 sibiet
1168 1480 1284 1533 orato·

334 1573 421 1636 rium
447 1574 483 1636 in
511 1572 675 1638 bonorem
700 1580 831 1637 sanctae
863 1573 930 1637 Dei
957 1571 1133 1654 genitricis
1160 1569 1284 1634 Mariae

335 1673 510 1737 aedificans
538 1673 788 1757 hospitalitatis
814 1672 962 1738 officium
984 1672 1108 1737 devote
1128 1672 1282 1753 peregri-

334 1773 388 1836 nis
405 1784 440 1837 et
453 1775 662 1857 pauperibus
676 1773 871 1839 exhibebat.
907 1772 1063 1854 Contigit
1077 1779 1193 1836 eutem
1208 1791 1282 1835 mo-

333 1874 481 1937 nachum
509 1875 680 1957 quendam
714 1874 757 1938 de
787 1875 871 1938 urbe
896 1871 1285 1955 constantinopolitana

332 1974 500 2038 orationis
527 1975 642 2056 gratia
668 1983 704 2040 et
725 1993 826 2038 sacra
854 1973 1074 2038 Hierusalem
1098 1972 1175 2037 loca
1201 1971 1283 2036 visi-

333 2075 430 2138 tandi
446 2075 576 2151 venire,
594 2076 653 2158 qui
670 2095 690 2140 a
707 2075 964 2139 sanctimoniali
984 2073 1131 2158 praefata
1147 2073 1183 2136 in
1202 2071 1282 2136 bos-

331 2175 454 2258 pitinm
481 2183 534 2240 est
556 2176 738 2240 caritative
760 2183 946 2258 receptus3
978 2194 1080 2258 quem
1102 2193 1180 2238 cum
1203 2193 1283 2256 cog·

332 2275 486 2341 novisset
511 2275 554 2339 ad
584 2282 739 2340 sanctam
762 2275 902 2340 tendere
928 2274 1117 2351 civitatem,
1144 2274 1281 2356 rogavit

333 2396 411 2439 eum
432 2375 609 2440 humiliter
628 2383 664 2440 et
683 2377 820 2453 devote,
842 2383 882 2440 ut
905 2376 1039 2440 rediens
1059 2375 1209 2438 adferret
1228 2395 1284 2438 se-

330 2478 408 2540 eum
422 2477 465 2541 de
480 2483 602 2541 sancta
618 2477 758 2542 civitate
777 2476 997 2541 Hierusalem
1012 2476 1160 2540 iconiam
1175 2494 1282 2557 quan-

330 2577 423 2654 dam,
448 2577 483 2641 id
508 2585 563 2642 est
587 2577 759 2659 quandam
790 2578 944 2641 tabulam
970 2576 1155 2659 depictam,
1177 2595 1281 2658 quam

330 2677 367 2741 in
393 2678 545 2742 oratorio
573 2698 637 2742 sno
663 2685 808 2760 poneret
830 2685 866 2741 et
888 2677 1051 2760 quaesibi
1075 2675 1188 2741 oranti
1213 2675 1281 2740 Dei

330 2777 508 2859 genitricis
542 2778 728 2860 imaginem
761 2784 1034 2861 repraesentaret.
1097 2776 1163 2840 llle
1199 2796 1280 2841 vero

330 2876 477 2941 fideliter
493 2878 650 2959 promisit
666 2898 704 2942 se
721 2879 869 2942 iconiam
888 2877 939 2941 illi
956 2878 1162 2942 delaturum.
1209 2875 1280 2955 Qui
1305 2930 1307 2934 ,

329 2996 407 3041 cum
438 2977 717 3061 Hierosolymam
747 2979 974 3062 pervenisset,
996 2977 1145 3060 expletis
1173 2978 1280 3042 orati-

329 3078 454 3142 onibus
483 3078 568 3154 snis,
582 3079 646 3142 sui
674 3080 853 3142 immemor
880 3078 1039 3161 promissi
1070 3077 1181 3142 redire
1210 3076 1281 3141 dis-

329 3179 468 3260 posuit3
501 3197 646 3261 cumque
668 3181 734 3244 iter
756 3179 926 3261 arripiens
949 3198 971 3243 a
992 3177 1134 3243 civitate
1155 3177 1279 3242 fuisset

263 3341 268 3349 ,
329 3297 501 3360 egressus,
517 3298 597 3342 ecce
614 3299 685 3343 vox
709 3279 835 3343 emissa
854 3279 897 3343 de
915 3279 1001 3343 caelo
1018 3278 1109 3342 dixit
1124 3278 1169 3342 ad
1189 3297 1280 3356 eum,

329 3376 540 3456 ‘Quomodo
565 3399 669 3443 mann
692 3399 803 3443 vacua
825 3380 952 3443 siccine
978 3378 1095 3443 redisl
1130 3378 1200 3442 Ubi
1226 3386 1281 3443 est

328 3478 455 3556 iconia,
480 3498 584 3561 quam
606 3487 642 3543 te
661 3478 915 3543 sanctimoniali
937 3480 1130 3543 delaturum
1152 3480 1280 3561 promi·

329 3578 446 3642 sistil'
478 3579 526 3642 Et
539 3581 588 3644 rei
599 3600 729 3643 memor
743 3579 932 3643 monachus
949 3579 1091 3643 effectus
1104 3579 1140 3642 in
1159 3579 1279 3643 civita-

328 3685 398 3742 tem
420 3698 580 3744 reversus
594 3688 658 3757 est,
675 3691 710 3744 et
725 3679 866 3744 veniens
889 3679 933 3742 ad
950 3680 1064 3744 locum
1081 3679 1140 3742 ubi
1156 3679 1278 3744 iconiae

328 3778 565 3844 vendebantur
589 3799 706 3857 unam,
732 3799 810 3862 qnae
836 3779 901 3842 sibi
929 3779 1074 3862 placuit,
1098 3798 1278 3863 compara-

327 3879 380 3944 vit
397 3888 432 3945 et
449 3899 565 3945 seeum
588 3880 721 3944 rediens
744 3880 954 3963 reportavit3
981 3887 1109 3943 etcum
1128 3880 1280 3944 venisset

328 3966 375 4042 ad
408 3979 534 4056 locum,
563 3982 622 4063 qui
652 3979 738 4045 Gitb
769 3979 976 4064 appellatur,
1007 3979 1066 4043 nbi
1095 3979 1150 4044 leo
1178 3978 1276 4045 ferox

327 4087 362 4143 et
387 4078 561 4143 hominnm
587 4081 771 4146 devorator
791 4081 828 4144 in
851 4080 1018 4162 spelunca
1038 4079 1181 4157 latebat,
1205 4100 1278 4145 mo·

327 4180 437 4244 nacho
466 4181 617 4246 venienti
644 4200 827 4246 occurrens
855 4180 1031 4246 humiliter
1058 4180 1166 4264 coepit
1193 4179 1279 4244 lam-
