2858 4876
315 379 380 442 314
571 390 706 438 nocnnr
729 390 777 437 ns
800 382 1011 438 wnnnovnn'

153 572 208 610 nn.
222 571 278 609 ιω.
315 569 393 631 pus,
417 548 611 630 episcopus,
634 565 748 610 comes
770 546 826 610 vel
849 546 946 620 baro,
968 546 1110 608 veniens
1133 544 1179 607 ad
1202 562 1267 606 nos

153 620 231 659 Charta
238 621 266 660 de

153 670 238 710 foresta.

316 668 378 730 per
402 646 603 712 mandatum
629 652 797 720 nostrum,
819 643 996 708 transierit
1015 664 1077 726 per
1100 642 1266 708 forestam

316 753 484 821 nostram,
504 745 586 808 licet
606 743 658 807 illi
679 762 802 825 capere
824 762 930 806 unam
947 741 1005 808 vel
1025 743 1113 806 duas
1135 741 1268 806 bestias

315 845 503 926 pervisum
519 843 691 907 forestarii
705 840 736 905 si
751 861 904 924 praesens
917 841 1041 922 fuerit3
1064 841 1119 904 sin
1136 848 1266 917 autem,

315 943 421 1006 faciat
448 943 596 1020 cornari,
624 961 668 1005 ne
693 940 853 1006 videatur
879 940 945 1004 hoc
971 939 1099 1004 furtive
1124 939 1265 1019 facere3

316 1043 399 1104 item
415 1042 497 1104 licet
512 1042 549 1104 in
564 1040 738 1104 redeundo
755 1040 845 1104 idem
869 1038 919 1103 eis
935 1039 1049 1103 facere
1067 1039 1157 1102 sicut
1174 1057 1266 1120 prae·

315 1140 525 1203 dictumest.
578 1139 826 1220 Unusquisque
846 1138 932 1203 liber
953 1138 1056 1202 homo
1076 1138 1265 1201 decaetero

316 1240 390 1301 sine
416 1239 598 1302 occasione
622 1238 728 1301 faciat
752 1237 788 1299 lu
812 1238 917 1301 bosco
944 1257 1007 1300 suo
1036 1235 1091 1301 val
1112 1236 1149 1299 in
1170 1243 1265 1300 terra

316 1354 394 1413 sua,
415 1356 519 1419 quam
544 1336 649 1400 habet
669 1337 706 1398 in
731 1334 874 1414 foresta,
900 1335 1145 1411 molendinum,
1167 1335 1266 1399 viva·

316 1436 417 1511 rium,
445 1441 618 1516 stagnum,
642 1433 837 1512 marleram,
862 1434 1032 1499 fossatum
1057 1433 1113 1498 vel
1135 1441 1264 1497 terram

316 1533 493 1610 arabilem,
519 1541 619 1597 extra
645 1541 845 1616 coopertum
870 1534 907 1596 in
933 1542 1027 1596 terra
1052 1532 1187 1609 arabili,
1214 1533 1266 1596 ita

316 1632 410 1713 quod
439 1652 509 1695 non
543 1633 590 1694 sit
617 1633 660 1695 ad
693 1640 936 1697 nocumentum
971 1632 1131 1715 alicujus
1144 1631 1263 1697 vicini.

319 1731 567 1812 Unusquisque
593 1731 680 1794 liber
707 1731 809 1795 homo
836 1731 963 1795 habeat
988 1733 1023 1794 in
1051 1730 1166 1794 boscis
1191 1733 1265 1794 suis

317 1830 430 1892 acrias
453 1830 655 1911 accipitrum
674 1830 941 1912 spervariorum,
963 1829 1149 1906 falconum,
1166 1831 1267 1911 aqui-

317 1928 430 1991 larum
463 1934 499 1991 ct
528 1927 718 2006 baironam,
755 1937 791 1993 et
824 1929 975 1992 habeant
1006 1927 1165 1992 similiter
1196 1928 1266 1992 mel

317 2027 411 2108 quod
440 2027 619 2091 inventum
647 2027 752 2091 fuerit
778 2028 814 2090 in
844 2029 960 2091 boscis
984 2027 1068 2090 suis.
1135 2026 1266 2090 Nullus

317 2124 519 2198 forestarius
537 2125 580 2188 de
601 2134 739 2202 caetero,
757 2127 817 2207 qui
839 2145 910 2190 non
931 2127 978 2190 sit
998 2126 1200 2190 forestarius
1222 2126 1266 2189 de

318 2222 419 2287 feodo
449 2222 595 2287 reddens
626 2224 759 2286 firmam
795 2225 895 2289 nobis
927 2244 990 2306 pro
1024 2224 1156 2288 balliva
1187 2243 1266 2301 sua,

317 2323 434 2404 capiat
448 2322 698 2404 cheminagium
715 2323 844 2404 aliquid
860 2325 897 2386 in
911 2323 1042 2386 balliva
1055 2341 1138 2402 sua;
1157 2323 1267 2386 fores-

316 2420 427 2484 tarius
447 2429 564 2486 autem
583 2422 626 2484 de
646 2421 747 2484 feodo
767 2421 900 2485 firmam
920 2422 1065 2485 reddens
1085 2422 1185 2484 nobis
1201 2441 1266 2503 pro

316 2519 448 2584 balliva
477 2539 542 2583 sua
572 2521 689 2602 capiat
715 2520 992 2602 cheminagium3
1024 2519 1168 2597 scilicet,
1200 2539 1266 2601 pro

317 2626 434 2682 carata
450 2639 512 2700 per
525 2618 702 2682 dimidium
719 2638 846 2682 annum
864 2619 951 2683 duos
968 2619 1139 2695 denarios,
1155 2625 1191 2682 et
1203 2639 1267 2701 per

317 2715 422 2778 alium
447 2716 624 2780 dimidium
653 2737 783 2783 annum
810 2717 896 2781 duos
925 2717 1110 2796 denarios3
1141 2724 1176 2781 et
1201 2737 1265 2799 pro

317 2832 418 2894 equo,
441 2815 500 2893 qui
520 2823 639 2895 portat
655 2816 898 2898 summagium
918 2836 979 2898 per
1001 2817 1179 2880 dimidium
1202 2835 1265 2879 an-

316 2930 399 2973 num
426 2930 532 2973 unum
554 2913 705 2992 obolum,
727 2922 763 2978 et
779 2935 841 2997 per
865 2916 970 2979 alium
995 2915 1172 2978 dimidium
1202 2933 1266 2978 an-

317 3028 399 3071 num
415 3030 521 3073 unum
537 3012 694 3092 obolum;
719 3019 754 3077 et
769 3015 908 3077 nonnisi
927 3014 969 3077 de
987 3014 1069 3090 illis,
1086 3013 1146 3095 qui
1162 3020 1266 3077 extra

316 3107 480 3172 ballivam
504 3128 602 3173 suam
622 3119 787 3193 tanquam
811 3120 1020 3176 mercatores
1040 3113 1185 3176 veniunt
1203 3132 1266 3194 per

316 3206 492 3271 licentiam
518 3227 617 3272 suam
640 3210 677 3272 in
705 3209 870 3274 ballivam
898 3230 1009 3288 suam,
1039 3211 1083 3274 ad
1110 3213 1265 3289 hoscam,

316 3307 538 3383 meiremium,
562 3308 723 3371 corticem
738 3309 794 3371 vel
817 3311 1000 3375 carbonem
1018 3310 1212 3388 emendum,
1230 3318 1267 3375 et

316 3404 403 3468 alias
433 3406 626 3469 ducendum
657 3408 702 3470 ad
732 3406 949 3472 vendendum
981 3408 1040 3472 ubi
1065 3408 1265 3488 voluerint3

316 3508 351 3565 ct
375 3504 418 3566 de
446 3505 542 3567 nulla
571 3512 689 3570 carata
716 3505 786 3568 alia
813 3507 869 3571 vel
899 3508 1093 3589 summagio
1123 3507 1265 3589 aliquod

315 3601 567 3684 cheminagium
594 3605 765 3687 capiatur,
791 3613 827 3671 et
850 3598 936 3669 lnon
958 3606 1117 3688 capiatur
1137 3606 1266 3670 chemi-

315 3701 457 3780 nagium
489 3703 558 3765 nisi
589 3704 625 3766 in
654 3703 740 3767 locis
771 3704 840 3768 illis
870 3706 931 3768 ubi
962 3705 1155 3786 antiquitus
1186 3706 1265 3787 capi

314 3799 449 3864 solebat
463 3807 500 3863 et
513 3801 642 3865 debuit.
696 3802 754 3866 Illi
775 3811 904 3881 autem,
922 3805 982 3886 qui
1002 3810 1144 3887 portant
1159 3823 1266 3885 super

314 3897 453 3962 dorsum
488 3917 590 3963 suum
618 3901 773 3979 buscam,
804 3903 967 3967 corticem
994 3903 1052 3969 vel
1080 3903 1265 3967 carbonem

469 4105 476 4137 ¹
490 4109 547 4157 Noa
556 4107 668 4172 capiatur
678 4109 878 4175 rbemimgiamss
895 4113 1008 4174 wanting
1019 4111 1045 4161 in
1058 4113 1089 4160 G.
