<?xml version="1.0" encoding="UTF-8"?>
<!DOCTYPE html PUBLIC "-//W3C//DTD XHTML 1.0 Transitional//EN"
    "http://www.w3.org/TR/xhtml1/DTD/xhtml1-transitional.dtd">
<html xmlns="http://www.w3.org/1999/xhtml" xml:lang="en" lang="en">
 <head>
  <title>
</title>
<meta http-equiv="Content-Type" content="text/html;charset=utf-8" />
  <meta name='ocr-system' content='tesseract 3.04.00' />
  <meta name='ocr-capabilities' content='ocr_page ocr_carea ocr_par ocr_line ocrx_word'/>
</head>
<body>
  <div class='ocr_page' id='page_1' title='image "./rogeridewendove06rogegoog_0087.png"; bbox 0 0 2858 4876; ppageno 0'>
   <div class='ocr_carea' id='block_1_1' title="bbox 311 379 998 444">
    <p class='ocr_par' dir='ltr' id='par_1_1' title="bbox 311 379 998 444">
     <span class='ocr_line' id='line_1_1' title="bbox 311 379 998 444; baseline -0.004 -1"><span class='ocrx_word' id='word_1_1' title='bbox 311 379 356 444; x_wconf 83' lang='lat'><strong>78</strong></span> <span class='ocrx_word' id='word_1_2' title='bbox 565 395 697 444; x_wconf 78' lang='lat' dir='ltr'><strong>nouum</strong></span> <span class='ocrx_word' id='word_1_3' title='bbox 721 395 768 443; x_wconf 82' lang='lat' dir='ltr'><strong>uu</strong></span> <span class='ocrx_word' id='word_1_4' title='bbox 791 392 998 443; x_wconf 73' lang='lat' dir='ltr'><strong>wuuuovtui</strong></span> 
     </span>
    </p>
   </div>
   <div class='ocr_carea' id='block_1_2' title="bbox 151 549 1270 2897">
    <p class='ocr_par' dir='ltr' id='par_1_2' title="bbox 151 549 1270 1224">
     <span class='ocr_line' id='line_1_2' title="bbox 151 549 1270 633; baseline 0.001 -26"><span class='ocrx_word' id='word_1_5' title='bbox 151 567 274 609; x_wconf 61' lang='lat' dir='ltr'><strong>Auum</strong></span> <span class='ocrx_word' id='word_1_6' title='bbox 311 550 367 614; x_wconf 81' lang='lat' dir='ltr'><strong>die</strong></span> <span class='ocrx_word' id='word_1_7' title='bbox 380 549 502 632; x_wconf 78' lang='lat' dir='ltr'><strong>recipit</strong></span> <span class='ocrx_word' id='word_1_8' title='bbox 518 569 578 614; x_wconf 82' lang='lat' dir='ltr'><strong>eos</strong></span> <span class='ocrx_word' id='word_1_9' title='bbox 593 552 630 615; x_wconf 89' lang='lat' dir='ltr'><strong>iu</strong></span> <span class='ocrx_word' id='word_1_10' title='bbox 644 549 774 633; x_wconf 76' lang='lat' dir='ltr'><strong>palatio</strong></span> <span class='ocrx_word' id='word_1_11' title='bbox 797 568 862 613; x_wconf 77' lang='lat' dir='ltr'><strong>uuo</strong></span> <span class='ocrx_word' id='word_1_12' title='bbox 884 565 1081 632; x_wconf 69' lang='lat' dir='ltr'><strong>perflet-vos</strong></span> <span class='ocrx_word' id='word_1_13' title='bbox 1096 557 1186 610; x_wconf 72' lang='lat' dir='ltr'><strong>uuus</strong></span> <span class='ocrx_word' id='word_1_14' title='bbox 1208 564 1270 609; x_wconf 81' lang='lat' dir='ltr'><strong>ar·</strong></span> 
     </span>
     <span class='ocr_line' id='line_1_3' title="bbox 311 642 1268 729; baseline -0.006 -16"><span class='ocrx_word' id='word_1_15' title='bbox 311 656 436 726; x_wconf 80' lang='lat' dir='ltr'><strong>matos,</strong></span> <span class='ocrx_word' id='word_1_16' title='bbox 450 649 601 714; x_wconf 82' lang='lat' dir='ltr'><strong>secundo</strong></span> <span class='ocrx_word' id='word_1_17' title='bbox 614 649 670 713; x_wconf 83' lang='lat' dir='ltr'><strong>die</strong></span> <span class='ocrx_word' id='word_1_18' title='bbox 687 642 829 713; x_wconf 88' lang='lat' dir='ltr'><strong>¹dicitur</strong></span> <span class='ocrx_word' id='word_1_19' title='bbox 843 647 895 712; x_wconf 78' lang='lat' dir='ltr'><strong>cis</strong></span> <span class='ocrx_word' id='word_1_20' title='bbox 908 664 1112 729; x_wconf 77' lang='lat' dir='ltr'><strong>responsum</strong></span> <span class='ocrx_word' id='word_1_21' title='bbox 1133 662 1268 708; x_wconf 80' lang='lat' dir='ltr'><strong>secuu-</strong></span> 
     </span>
     <span class='ocr_line' id='line_1_4' title="bbox 311 742 1269 826; baseline -0.006 -15"><span class='ocrx_word' id='word_1_22' title='bbox 311 748 393 811; x_wconf 90' lang='lat' dir='ltr'><strong>dum</strong></span> <span class='ocrx_word' id='word_1_23' title='bbox 420 766 573 826; x_wconf 80' lang='lat' dir='ltr'><strong>causum,</strong></span> <span class='ocrx_word' id='word_1_24' title='bbox 605 754 641 811; x_wconf 89' lang='lat' dir='ltr'><strong>ct</strong></span> <span class='ocrx_word' id='word_1_25' title='bbox 669 752 751 811; x_wconf 78' lang='lat' dir='ltr'><strong>aute</strong></span> <span class='ocrx_word' id='word_1_26' title='bbox 778 745 869 810; x_wconf 80' lang='lat' dir='ltr'><strong>diem</strong></span> <span class='ocrx_word' id='word_1_27' title='bbox 892 744 1033 810; x_wconf 77' lang='lat' dir='ltr'><strong>tortium</strong></span> <span class='ocrx_word' id='word_1_28' title='bbox 1057 762 1127 808; x_wconf 87' lang='lat' dir='ltr'><strong>uon</strong></span> <span class='ocrx_word' id='word_1_29' title='bbox 1153 742 1269 806; x_wconf 74' lang='lat' dir='ltr'><strong>datur</strong></span> 
     </span>
     <span class='ocr_line' id='line_1_5' title="bbox 311 838 1267 924; baseline -0.005 -15"><span class='ocrx_word' id='word_1_30' title='bbox 311 845 452 910; x_wconf 82' lang='lat' dir='ltr'><strong>licentia</strong></span> <span class='ocrx_word' id='word_1_31' title='bbox 464 845 648 910; x_wconf 83' lang='lat' dir='ltr'><strong>accedendi</strong></span> <span class='ocrx_word' id='word_1_32' title='bbox 665 845 709 908; x_wconf 80' lang='lat' dir='ltr'><strong>ud</strong></span> <span class='ocrx_word' id='word_1_33' title='bbox 727 864 816 909; x_wconf 83' lang='lat' dir='ltr'><strong>eum.</strong></span> <span class='ocrx_word' id='word_1_34' title='bbox 850 843 941 908; x_wconf 86' lang='lat' dir='ltr'><strong>Octo</strong></span> <span class='ocrx_word' id='word_1_35' title='bbox 957 849 1074 908; x_wconf 73' lang='lat' dir='ltr'><strong>autem</strong></span> <span class='ocrx_word' id='word_1_36' title='bbox 1088 840 1152 905; x_wconf 83' lang='lat' dir='ltr'><strong>tilii</strong></span> <span class='ocrx_word' id='word_1_37' title='bbox 1167 838 1267 924; x_wconf 77' lang='lat' dir='ltr'><strong>ejus,</strong></span> 
     </span>
     <span class='ocr_line' id='line_1_6' title="bbox 313 939 1267 1027; baseline -0.007 -19"><span class='ocrx_word' id='word_1_38' title='bbox 313 943 355 1008; x_wconf 82' lang='lat' dir='ltr'><strong>de</strong></span> <span class='ocrx_word' id='word_1_39' title='bbox 376 944 486 1027; x_wconf 81' lang='lat' dir='ltr'><strong>patris</strong></span> <span class='ocrx_word' id='word_1_40' title='bbox 512 944 568 1007; x_wconf 78' lang='lat' dir='ltr'><strong>sui</strong></span> <span class='ocrx_word' id='word_1_41' title='bbox 594 944 852 1019; x_wconf 79' lang='lat' dir='ltr'><strong>constitutione,</strong></span> <span class='ocrx_word' id='word_1_42' title='bbox 866 943 991 1007; x_wconf 81' lang='lat' dir='ltr'><strong>vivunt</strong></span> <span class='ocrx_word' id='word_1_43' title='bbox 1010 941 1049 1005; x_wconf 92' lang='lat' dir='ltr'><strong>iu</strong></span> <span class='ocrx_word' id='word_1_44' title='bbox 1071 939 1165 1003; x_wconf 84' lang='lat' dir='ltr'><strong>huuc</strong></span> <span class='ocrx_word' id='word_1_45' title='bbox 1183 956 1267 1002; x_wconf 84' lang='lat' dir='ltr'><strong>mu-</strong></span> 
     </span>
     <span class='ocr_line' id='line_1_7' title="bbox 312 1036 1268 1124; baseline -0.003 -19"><span class='ocrx_word' id='word_1_46' title='bbox 312 1040 414 1120; x_wconf 86' lang='lat' dir='ltr'><strong>dum;</strong></span> <span class='ocrx_word' id='word_1_47' title='bbox 438 1042 507 1105; x_wconf 88' lang='lat' dir='ltr'><strong>duo</strong></span> <span class='ocrx_word' id='word_1_48' title='bbox 532 1042 651 1106; x_wconf 79' lang='lat' dir='ltr'><strong>exeis</strong></span> <span class='ocrx_word' id='word_1_49' title='bbox 675 1040 873 1106; x_wconf 82' lang='lat' dir='ltr'><strong>custodiunt</strong></span> <span class='ocrx_word' id='word_1_50' title='bbox 890 1038 1111 1124; x_wconf 77' lang='lat' dir='ltr'><strong>sepulchrum</strong></span> <span class='ocrx_word' id='word_1_51' title='bbox 1125 1036 1268 1103; x_wconf 73' lang='lat' dir='ltr'><strong>curtati</strong></span> 
     </span>
     <span class='ocr_line' id='line_1_8' title="bbox 301 1126 1267 1224; baseline -0.006 -20"><span class='ocrx_word' id='word_1_52' title='bbox 301 1126 348 1204; x_wconf 77' lang='lat' dir='ltr'><strong>&#39;et</strong></span> <span class='ocrx_word' id='word_1_53' title='bbox 369 1138 420 1203; x_wconf 77' lang='lat' dir='ltr'><strong>cis</strong></span> <span class='ocrx_word' id='word_1_54' title='bbox 439 1138 542 1204; x_wconf 80' lang='lat' dir='ltr'><strong>datur</strong></span> <span class='ocrx_word' id='word_1_55' title='bbox 560 1141 723 1224; x_wconf 88' lang='lat' dir='ltr'><strong>quicquid</strong></span> <span class='ocrx_word' id='word_1_56' title='bbox 747 1138 792 1203; x_wconf 82' lang='lat' dir='ltr'><strong>ad</strong></span> <span class='ocrx_word' id='word_1_57' title='bbox 813 1138 1031 1221; x_wconf 75' lang='lat' dir='ltr'><strong>sepulchrum</strong></span> <span class='ocrx_word' id='word_1_58' title='bbox 1052 1135 1213 1213; x_wconf 76' lang='lat' dir='ltr'><strong>offertur,</strong></span> <span class='ocrx_word' id='word_1_59' title='bbox 1228 1146 1267 1199; x_wconf 80' lang='lat' dir='ltr'><strong>ot</strong></span> 
     </span>
    </p>

    <p class='ocr_par' dir='ltr' id='par_1_3' title="bbox 186 1233 1267 2897">
     <span class='ocr_line' id='line_1_9' title="bbox 186 1233 1267 1320; baseline -0.003 -18"><span class='ocrx_word' id='word_1_60' title='bbox 186 1234 189 1239; x_wconf 82' lang='grc'><strong>’</strong></span> <span class='ocrx_word' id='word_1_61' title='bbox 312 1238 380 1320; x_wconf 80' lang='lat' dir='ltr'><strong>ipsi</strong></span> <span class='ocrx_word' id='word_1_62' title='bbox 397 1237 462 1303; x_wconf 90' lang='lat' dir='ltr'><strong>hoc</strong></span> <span class='ocrx_word' id='word_1_63' title='bbox 476 1237 635 1302; x_wconf 79' lang='lat' dir='ltr'><strong>dividunt</strong></span> <span class='ocrx_word' id='word_1_64' title='bbox 652 1239 743 1302; x_wconf 80' lang='lat' dir='ltr'><strong>iuter</strong></span> <span class='ocrx_word' id='word_1_65' title='bbox 761 1256 820 1318; x_wconf 84' lang='lat' dir='ltr'><strong>sc;</strong></span> <span class='ocrx_word' id='word_1_66' title='bbox 847 1239 943 1302; x_wconf 78' lang='lat' dir='ltr'><strong>valet</strong></span> <span class='ocrx_word' id='word_1_67' title='bbox 964 1242 1081 1301; x_wconf 73' lang='lat' dir='ltr'><strong>autum</strong></span> <span class='ocrx_word' id='word_1_68' title='bbox 1101 1233 1267 1299; x_wconf 75' lang='lat' dir='ltr'><strong>redditus</strong></span> 
     </span>
     <span class='ocr_line' id='line_1_10' title="bbox 313 1332 1266 1417; baseline -0.003 -18"><span class='ocrx_word' id='word_1_69' title='bbox 313 1355 431 1400; x_wconf 86' lang='lat' dir='ltr'><strong>eorum</strong></span> <span class='ocrx_word' id='word_1_70' title='bbox 446 1335 571 1417; x_wconf 85' lang='lat' dir='ltr'><strong>viginti</strong></span> <span class='ocrx_word' id='word_1_71' title='bbox 592 1337 701 1400; x_wconf 79' lang='lat' dir='ltr'><strong>millia</strong></span> <span class='ocrx_word' id='word_1_72' title='bbox 724 1336 995 1414; x_wconf 69' lang='lat' dir='ltr'><strong>Saracenorum</strong></span> <span class='ocrx_word' id='word_1_73' title='bbox 1021 1339 1175 1416; x_wconf 83' lang='lat' dir='ltr'><strong>quatuor</strong></span> <span class='ocrx_word' id='word_1_74' title='bbox 1198 1332 1266 1396; x_wconf 82' lang='lat' dir='ltr'><strong>filii</strong></span> 
     </span>
     <span class='ocr_line' id='line_1_11' title="bbox 313 1430 1266 1512; baseline -0.003 -14"><span class='ocrx_word' id='word_1_75' title='bbox 313 1434 440 1498; x_wconf 81' lang='lat' dir='ltr'><strong>habent</strong></span> <span class='ocrx_word' id='word_1_76' title='bbox 452 1433 607 1499; x_wconf 84' lang='lat' dir='ltr'><strong>redditus</strong></span> <span class='ocrx_word' id='word_1_77' title='bbox 619 1434 663 1499; x_wconf 87' lang='lat' dir='ltr'><strong>dc</strong></span> <span class='ocrx_word' id='word_1_78' title='bbox 675 1433 772 1512; x_wconf 88' lang='lat' dir='ltr'><strong>Nilo,</strong></span> <span class='ocrx_word' id='word_1_79' title='bbox 789 1441 825 1498; x_wconf 82' lang='lat' dir='ltr'><strong>ct</strong></span> <span class='ocrx_word' id='word_1_80' title='bbox 842 1433 996 1497; x_wconf 78' lang='lat' dir='ltr'><strong>redditus</strong></span> <span class='ocrx_word' id='word_1_81' title='bbox 1012 1433 1150 1497; x_wconf 81' lang='lat' dir='ltr'><strong>illorum</strong></span> <span class='ocrx_word' id='word_1_82' title='bbox 1161 1430 1266 1496; x_wconf 77' lang='lat' dir='ltr'><strong>valet</strong></span> 
     </span>
     <span class='ocr_line' id='line_1_12' title="bbox 313 1528 1267 1616; baseline -0.003 -20"><span class='ocrx_word' id='word_1_83' title='bbox 313 1532 498 1616; x_wconf 85' lang='lat' dir='ltr'><strong>plusquam</strong></span> <span class='ocrx_word' id='word_1_84' title='bbox 520 1531 751 1615; x_wconf 75' lang='lat' dir='ltr'><strong>quadraginta</strong></span> <span class='ocrx_word' id='word_1_85' title='bbox 771 1532 880 1596; x_wconf 83' lang='lat' dir='ltr'><strong>millia</strong></span> <span class='ocrx_word' id='word_1_86' title='bbox 897 1532 1170 1609; x_wconf 70' lang='lat' dir='ltr'><strong>Saracenorum</strong></span> <span class='ocrx_word' id='word_1_87' title='bbox 1203 1528 1267 1594; x_wconf 83' lang='lat' dir='ltr'><strong>ulii</strong></span> 
     </span>
     <span class='ocr_line' id='line_1_13' title="bbox 313 1629 1266 1715; baseline -0.002 -21"><span class='ocrx_word' id='word_1_88' title='bbox 313 1631 382 1696; x_wconf 87' lang='lat' dir='ltr'><strong>duc</strong></span> <span class='ocrx_word' id='word_1_89' title='bbox 399 1632 524 1696; x_wconf 79' lang='lat' dir='ltr'><strong>fratres</strong></span> <span class='ocrx_word' id='word_1_90' title='bbox 537 1632 686 1696; x_wconf 84' lang='lat' dir='ltr'><strong>minores</strong></span> <span class='ocrx_word' id='word_1_91' title='bbox 705 1638 787 1696; x_wconf 85' lang='lat' dir='ltr'><strong>sunt</strong></span> <span class='ocrx_word' id='word_1_92' title='bbox 806 1630 961 1715; x_wconf 81' lang='lat' dir='ltr'><strong>quotidie</strong></span> <span class='ocrx_word' id='word_1_93' title='bbox 978 1637 1059 1696; x_wconf 80' lang='lat' dir='ltr'><strong>ante</strong></span> <span class='ocrx_word' id='word_1_94' title='bbox 1073 1629 1266 1697; x_wconf 80' lang='lat' dir='ltr'><strong>Mubumc·</strong></span> 
     </span>
     <span class='ocr_line' id='line_1_14' title="bbox 314 1727 1266 1812; baseline -0.001 -19"><span class='ocrx_word' id='word_1_95' title='bbox 314 1736 389 1793; x_wconf 92' lang='lat' dir='ltr'><strong>tum</strong></span> <span class='ocrx_word' id='word_1_96' title='bbox 402 1749 465 1812; x_wconf 85' lang='lat' dir='ltr'><strong>pro</strong></span> <span class='ocrx_word' id='word_1_97' title='bbox 478 1731 652 1808; x_wconf 79' lang='lat' dir='ltr'><strong>castitate,</strong></span> <span class='ocrx_word' id='word_1_98' title='bbox 668 1739 704 1797; x_wconf 85' lang='lat' dir='ltr'><strong>et</strong></span> <span class='ocrx_word' id='word_1_99' title='bbox 721 1732 772 1794; x_wconf 83' lang='lat' dir='ltr'><strong>cis</strong></span> <span class='ocrx_word' id='word_1_100' title='bbox 783 1730 888 1794; x_wconf 86' lang='lat' dir='ltr'><strong>datur</strong></span> <span class='ocrx_word' id='word_1_101' title='bbox 903 1728 1067 1812; x_wconf 88' lang='lat' dir='ltr'><strong>quicquid</strong></span> <span class='ocrx_word' id='word_1_102' title='bbox 1083 1729 1131 1793; x_wconf 79' lang='lat' dir='ltr'><strong>ad</strong></span> <span class='ocrx_word' id='word_1_103' title='bbox 1152 1727 1266 1811; x_wconf 75' lang='lat' dir='ltr'><strong>pedes</strong></span> 
     </span>
     <span class='ocr_line' id='line_1_15' title="bbox 314 1826 1266 1912; baseline 0 -21"><span class='ocrx_word' id='word_1_104' title='bbox 314 1827 390 1911; x_wconf 80' lang='lat' dir='ltr'><strong>ejus</strong></span> <span class='ocrx_word' id='word_1_105' title='bbox 416 1828 569 1905; x_wconf 82' lang='lat' dir='ltr'><strong>offertur,</strong></span> <span class='ocrx_word' id='word_1_106' title='bbox 595 1829 687 1912; x_wconf 89' lang='lat' dir='ltr'><strong>quod</strong></span> <span class='ocrx_word' id='word_1_107' title='bbox 707 1829 802 1894; x_wconf 81' lang='lat' dir='ltr'><strong>valet</strong></span> <span class='ocrx_word' id='word_1_108' title='bbox 823 1829 970 1910; x_wconf 79' lang='lat' dir='ltr'><strong>triginta</strong></span> <span class='ocrx_word' id='word_1_109' title='bbox 986 1827 1096 1892; x_wconf 75' lang='lat' dir='ltr'><strong>millia</strong></span> <span class='ocrx_word' id='word_1_110' title='bbox 1112 1826 1266 1893; x_wconf 52' lang='lat' dir='ltr'><strong>Sarac&amp;</strong></span> 
     </span>
     <span class='ocr_line' id='line_1_16' title="bbox 314 1926 1266 2011; baseline 0 -22"><span class='ocrx_word' id='word_1_111' title='bbox 314 1946 448 1992; x_wconf 87' lang='lat' dir='ltr'><strong>uorum.</strong></span> <span class='ocrx_word' id='word_1_112' title='bbox 498 1926 717 2010; x_wconf 80' lang='lat' dir='ltr'><strong>Saphadinus</strong></span> <span class='ocrx_word' id='word_1_113' title='bbox 732 1926 926 2011; x_wconf 80' lang='lat' dir='ltr'><strong>quindecim</strong></span> <span class='ocrx_word' id='word_1_114' title='bbox 944 1926 1050 1991; x_wconf 81' lang='lat' dir='ltr'><strong>habet</strong></span> <span class='ocrx_word' id='word_1_115' title='bbox 1069 1943 1201 1990; x_wconf 74' lang='lat' dir='ltr'><strong>uxores</strong></span> <span class='ocrx_word' id='word_1_116' title='bbox 1228 1932 1266 1990; x_wconf 79' lang='lat' dir='ltr'><strong>ot</strong></span> 
     </span>
     <span class='ocr_line' id='line_1_17' title="bbox 315 2024 1266 2108; baseline -0.002 -20"><span class='ocrx_word' id='word_1_117' title='bbox 315 2024 457 2089; x_wconf 85' lang='lat' dir='ltr'><strong>totidem</strong></span> <span class='ocrx_word' id='word_1_118' title='bbox 472 2025 646 2104; x_wconf 77' lang='lat' dir='ltr'><strong>haercdcs3</strong></span> <span class='ocrx_word' id='word_1_119' title='bbox 675 2047 754 2091; x_wconf 90' lang='lat' dir='ltr'><strong>cum</strong></span> <span class='ocrx_word' id='word_1_120' title='bbox 778 2026 946 2091; x_wconf 83' lang='lat' dir='ltr'>uxoribus</span> <span class='ocrx_word' id='word_1_121' title='bbox 967 2025 1116 2108; x_wconf 76' lang='lat' dir='ltr'><strong>siugulis</strong></span> <span class='ocrx_word' id='word_1_122' title='bbox 1130 2024 1266 2089; x_wconf 84' lang='lat' dir='ltr'><strong>dormi.-</strong></span> 
     </span>
     <span class='ocr_line' id='line_1_18' title="bbox 315 2123 1266 2208; baseline 0 -21"><span class='ocrx_word' id='word_1_123' title='bbox 315 2125 407 2202; x_wconf 83' lang='lat' dir='ltr'><strong>ebat‚</strong></span> <span class='ocrx_word' id='word_1_124' title='bbox 429 2125 485 2189; x_wconf 89' lang='lat' dir='ltr'><strong>cui</strong></span> <span class='ocrx_word' id='word_1_125' title='bbox 504 2144 582 2188; x_wconf 86' lang='lat' dir='ltr'><strong>cum</strong></span> <span class='ocrx_word' id='word_1_126' title='bbox 603 2126 722 2208; x_wconf 84' lang='lat' dir='ltr'><strong>aliqua</strong></span> <span class='ocrx_word' id='word_1_127' title='bbox 736 2125 844 2189; x_wconf 88' lang='lat' dir='ltr'><strong>filium</strong></span> <span class='ocrx_word' id='word_1_128' title='bbox 859 2124 962 2208; x_wconf 78' lang='lat' dir='ltr'><strong>parit,</strong></span> <span class='ocrx_word' id='word_1_129' title='bbox 976 2144 1055 2188; x_wconf 92' lang='lat' dir='ltr'><strong>cum</strong></span> <span class='ocrx_word' id='word_1_130' title='bbox 1073 2123 1136 2187; x_wconf 82' lang='lat' dir='ltr'><strong>illu</strong></span> <span class='ocrx_word' id='word_1_131' title='bbox 1157 2141 1266 2187; x_wconf 84' lang='lat' dir='ltr'><strong>cunc·</strong></span> 
     </span>
     <span class='ocr_line' id='line_1_19' title="bbox 314 2222 1265 2306; baseline -0.002 -19"><span class='ocrx_word' id='word_1_132' title='bbox 314 2222 561 2290; x_wconf 72' lang='lat' dir='ltr'><strong>tiuvidentibus</strong></span> <span class='ocrx_word' id='word_1_133' title='bbox 573 2222 714 2304; x_wconf 86' lang='lat' dir='ltr'><strong>dormit;</strong></span> <span class='ocrx_word' id='word_1_134' title='bbox 733 2231 780 2302; x_wconf 86' lang='lat' dir='ltr'><strong>et,</strong></span> <span class='ocrx_word' id='word_1_135' title='bbox 789 2243 867 2289; x_wconf 89' lang='lat' dir='ltr'><strong>cum</strong></span> <span class='ocrx_word' id='word_1_136' title='bbox 882 2223 999 2306; x_wconf 81' lang='lat' dir='ltr'><strong>aliqua</strong></span> <span class='ocrx_word' id='word_1_137' title='bbox 1007 2222 1146 2286; x_wconf 81' lang='lat' dir='ltr'><strong>illarum</strong></span> <span class='ocrx_word' id='word_1_138' title='bbox 1160 2222 1265 2305; x_wconf 86' lang='lat' dir='ltr'><strong>quiu-</strong></span> 
     </span>
     <span class='ocr_line' id='line_1_20' title="bbox 314 2320 1266 2404; baseline 0.001 -20"><span class='ocrx_word' id='word_1_139' title='bbox 314 2320 424 2386; x_wconf 80' lang='lat' dir='ltr'>decim</span> <span class='ocrx_word' id='word_1_140' title='bbox 446 2329 585 2388; x_wconf 77' lang='lat' dir='ltr'><strong>mortuu</strong></span> <span class='ocrx_word' id='word_1_141' title='bbox 605 2322 720 2400; x_wconf 83' lang='lat' dir='ltr'><strong>fuerit,</strong></span> <span class='ocrx_word' id='word_1_142' title='bbox 744 2323 786 2388; x_wconf 83' lang='lat' dir='ltr'><strong>dc</strong></span> <span class='ocrx_word' id='word_1_143' title='bbox 805 2322 892 2404; x_wconf 77' lang='lat' dir='ltr'><strong>legis</strong></span> <span class='ocrx_word' id='word_1_144' title='bbox 911 2320 1266 2388; x_wconf 61' lang='lat' dir='ltr'><strong>sucu-cousuetudine</strong></span> 
     </span>
     <span class='ocr_line' id='line_1_21' title="bbox 313 2419 1265 2502; baseline 0 -19"><span class='ocrx_word' id='word_1_145' title='bbox 313 2419 432 2484; x_wconf 79' lang='lat' dir='ltr'><strong>statim</strong></span> <span class='ocrx_word' id='word_1_146' title='bbox 464 2421 568 2485; x_wconf 81' lang='lat' dir='ltr'><strong>alium</strong></span> <span class='ocrx_word' id='word_1_147' title='bbox 599 2421 797 2487; x_wconf 83' lang='lat' dir='ltr'><strong>introducit.</strong></span> <span class='ocrx_word' id='word_1_148' title='bbox 851 2421 993 2486; x_wconf 81' lang='lat' dir='ltr'><strong>Habent</strong></span> <span class='ocrx_word' id='word_1_149' title='bbox 1025 2421 1116 2486; x_wconf 85' lang='lat' dir='ltr'><strong>euim</strong></span> <span class='ocrx_word' id='word_1_150' title='bbox 1145 2420 1265 2502; x_wconf 77' lang='lat' dir='ltr'><strong>legem</strong></span> 
     </span>
     <span class='ocr_line' id='line_1_22' title="bbox 314 2518 1267 2600; baseline 0.002 -20"><span class='ocrx_word' id='word_1_151' title='bbox 314 2519 478 2600; x_wconf 82' lang='lat' dir='ltr'><strong>scriptam</strong></span> <span class='ocrx_word' id='word_1_152' title='bbox 494 2540 517 2584; x_wconf 84' lang='lat' dir='ltr'><strong>a</strong></span> <span class='ocrx_word' id='word_1_153' title='bbox 534 2519 737 2585; x_wconf 80' lang='lat' dir='ltr'><strong>Mahumeto</strong></span> <span class='ocrx_word' id='word_1_154' title='bbox 758 2520 823 2584; x_wconf 89' lang='lat' dir='ltr'><strong>sibi</strong></span> <span class='ocrx_word' id='word_1_155' title='bbox 840 2520 1016 2597; x_wconf 80' lang='lat' dir='ltr'><strong>traditam,</strong></span> <span class='ocrx_word' id='word_1_156' title='bbox 1038 2526 1074 2584; x_wconf 84' lang='lat' dir='ltr'><strong>ct</strong></span> <span class='ocrx_word' id='word_1_157' title='bbox 1094 2518 1152 2584; x_wconf 86' lang='lat' dir='ltr'><strong>hic</strong></span> <span class='ocrx_word' id='word_1_158' title='bbox 1172 2519 1267 2583; x_wconf 79' lang='lat' dir='ltr'><strong>libor</strong></span> 
     </span>
     <span class='ocr_line' id='line_1_23' title="bbox 314 2616 1265 2703; baseline 0.002 -24"><span class='ocrx_word' id='word_1_159' title='bbox 314 2616 441 2681; x_wconf 88' lang='lat' dir='ltr'><strong>dicitur</strong></span> <span class='ocrx_word' id='word_1_160' title='bbox 455 2616 650 2683; x_wconf 81' lang='lat' dir='ltr'><strong>Alcorunus</strong></span> <span class='ocrx_word' id='word_1_161' title='bbox 663 2639 672 2698; x_wconf 84' lang='lat'>3</span> <span class='ocrx_word' id='word_1_162' title='bbox 695 2619 794 2703; x_wconf 82' lang='lat' dir='ltr'><strong>cujus</strong></span> <span class='ocrx_word' id='word_1_163' title='bbox 811 2619 889 2682; x_wconf 85' lang='lat' dir='ltr'><strong>libri</strong></span> <span class='ocrx_word' id='word_1_164' title='bbox 905 2623 1081 2702; x_wconf 81' lang='lat' dir='ltr'><strong>praeccptu</strong></span> <span class='ocrx_word' id='word_1_165' title='bbox 1094 2618 1156 2681; x_wconf 81' lang='lat' dir='ltr'><strong>illa</strong></span> <span class='ocrx_word' id='word_1_166' title='bbox 1171 2637 1265 2699; x_wconf 74' lang='lat' dir='ltr'>genn</span> 
     </span>
     <span class='ocr_line' id='line_1_24' title="bbox 314 2715 1265 2794; baseline 0.003 -17"><span class='ocrx_word' id='word_1_167' title='bbox 314 2715 446 2780; x_wconf 82' lang='lat' dir='ltr'><strong>nefaria</strong></span> <span class='ocrx_word' id='word_1_168' title='bbox 479 2717 532 2780; x_wconf 78' lang='lat' dir='ltr'><strong>itu</strong></span> <span class='ocrx_word' id='word_1_169' title='bbox 566 2717 810 2782; x_wconf 76' lang='lat' dir='ltr'><strong>iuviolabiliter</strong></span> <span class='ocrx_word' id='word_1_170' title='bbox 849 2719 1023 2794; x_wconf 78' lang='lat' dir='ltr'><strong>observat,</strong></span> <span class='ocrx_word' id='word_1_171' title='bbox 1064 2716 1155 2781; x_wconf 85' lang='lat' dir='ltr'><strong>sicut</strong></span> <span class='ocrx_word' id='word_1_172' title='bbox 1197 2736 1265 2780; x_wconf 77' lang='lat' dir='ltr'><strong>uus</strong></span> 
     </span>
     <span class='ocr_line' id='line_1_25' title="bbox 314 2813 1089 2897; baseline 0.005 -19"><span class='ocrx_word' id='word_1_173' title='bbox 314 2813 503 2879; x_wconf 83' lang='lat' dir='ltr'><strong>Christiani</strong></span> <span class='ocrx_word' id='word_1_174' title='bbox 518 2822 653 2881; x_wconf 85' lang='lat' dir='ltr'><strong>textum</strong></span> <span class='ocrx_word' id='word_1_175' title='bbox 668 2815 838 2897; x_wconf 82' lang='lat' dir='ltr'><strong>evangelii</strong></span> <span class='ocrx_word' id='word_1_176' title='bbox 854 2817 1089 2882; x_wconf 72' lang='lat' dir='ltr'><strong>observamus.</strong></span> 
     </span>
    </p>
   </div>
   <div class='ocr_carea' id='block_1_3' title="bbox 387 2999 1190 3186">
    <p class='ocr_par' dir='ltr' id='par_1_4' title="bbox 387 2999 1190 3186">
     <span class='ocr_line' id='line_1_26' title="bbox 387 2999 1190 3088; baseline -0.002 -17"><span class='ocrx_word' id='word_1_177' title='bbox 387 3000 429 3071; x_wconf 73' lang='lat' dir='ltr'><strong>Ut</strong></span> <span class='ocrx_word' id='word_1_178' title='bbox 442 2999 611 3080; x_wconf 64' lang='lat' dir='ltr'><strong>Joiumtu,</strong></span> <span class='ocrx_word' id='word_1_179' title='bbox 617 3002 728 3085; x_wconf 77' lang='lat' dir='ltr'><strong>frater</strong></span> <span class='ocrx_word' id='word_1_180' title='bbox 741 3003 834 3088; x_wconf 71' lang='lat' dir='ltr'><strong>reqic,</strong></span> <span class='ocrx_word' id='word_1_181' title='bbox 849 3023 974 3088; x_wconf 64' lang='lat' dir='ltr'><strong>rectum</strong></span> <span class='ocrx_word' id='word_1_182' title='bbox 987 3001 1113 3087; x_wconf 69' lang='lat' dir='ltr'><strong>Anqliae</strong></span> <span class='ocrx_word' id='word_1_183' title='bbox 1125 2999 1190 3069; x_wconf 70' lang='lat' dir='ltr'><strong>sib·</strong></span> 
     </span>
     <span class='ocr_line' id='line_1_27' title="bbox 626 3099 944 3186; baseline 0.006 -21"><span class='ocrx_word' id='word_1_184' title='bbox 626 3099 789 3186; x_wconf 61' lang='lat' dir='ltr'><strong>subjacare</strong></span> <span class='ocrx_word' id='word_1_185' title='bbox 803 3101 944 3170; x_wconf 72' lang='lat' dir='ltr'><strong>voluerit.</strong></span> 
     </span>
    </p>
   </div>
   <div class='ocr_carea' id='block_1_4' title="bbox 153 3219 1267 3327">
    <p class='ocr_par' dir='ltr' id='par_1_5' title="bbox 153 3219 1267 3327">
     <span class='ocr_line' id='line_1_28' title="bbox 153 3219 1267 3327; baseline 0.009 -50"><span class='ocrx_word' id='word_1_186' title='bbox 153 3238 293 3327; x_wconf 56' lang='lat' dir='ltr'><strong>ifflm‘</strong></span> <span class='ocrx_word' id='word_1_187' title='bbox 360 3219 460 3301; x_wconf 82' lang='lat' dir='ltr'><strong>Rege</strong></span> <span class='ocrx_word' id='word_1_188' title='bbox 481 3227 595 3285; x_wconf 79' lang='lat' dir='ltr'><strong>autem</strong></span> <span class='ocrx_word' id='word_1_189' title='bbox 619 3221 806 3301; x_wconf 83' lang='lat' dir='ltr'><strong>Richardo,</strong></span> <span class='ocrx_word' id='word_1_190' title='bbox 826 3231 866 3288; x_wconf 88' lang='lat' dir='ltr'><strong>ut</strong></span> <span class='ocrx_word' id='word_1_191' title='bbox 888 3223 1018 3287; x_wconf 89' lang='lat' dir='ltr'><strong>dictum</strong></span> <span class='ocrx_word' id='word_1_192' title='bbox 1042 3228 1107 3300; x_wconf 82' lang='lat' dir='ltr'><strong>est,</strong></span> <span class='ocrx_word' id='word_1_193' title='bbox 1127 3222 1172 3285; x_wconf 80' lang='lat' dir='ltr'><strong>ub</strong></span> <span class='ocrx_word' id='word_1_194' title='bbox 1196 3221 1267 3287; x_wconf 83' lang='lat' dir='ltr'><strong>im·</strong></span> 
     </span>
    </p>
   </div>
   <div class='ocr_carea' id='block_1_5' title="bbox 154 3314 1268 3700">
    <p class='ocr_par' dir='ltr' id='par_1_6' title="bbox 154 3314 1268 3700">
     <span class='ocr_line' id='line_1_29' title="bbox 154 3314 1266 3405; baseline 0.008 -28"><span class='ocrx_word' id='word_1_195' title='bbox 154 3338 263 3388; x_wconf 70' lang='lat' dir='ltr'><strong>Eugltndt</strong></span> <span class='ocrx_word' id='word_1_196' title='bbox 315 3324 475 3401; x_wconf 78' lang='lat' dir='ltr'><strong>peratore</strong></span> <span class='ocrx_word' id='word_1_197' title='bbox 499 3318 650 3397; x_wconf 77' lang='lat' dir='ltr'><strong>detento,</strong></span> <span class='ocrx_word' id='word_1_198' title='bbox 672 3314 804 3386; x_wconf 81' lang='lat' dir='ltr'><strong>&#39;comcs</strong></span> <span class='ocrx_word' id='word_1_199' title='bbox 830 3321 1008 3387; x_wconf 70' lang='lat' dir='ltr'><strong>iohannes</strong></span> <span class='ocrx_word' id='word_1_200' title='bbox 1038 3321 1146 3384; x_wconf 76' lang='lat' dir='ltr'><strong>frater</strong></span> <span class='ocrx_word' id='word_1_201' title='bbox 1168 3321 1266 3405; x_wconf 78' lang='lat' dir='ltr'><strong>ejus,</strong></span> 
     </span>
     <span class='ocr_line' id='line_1_30' title="bbox 315 3416 1266 3504; baseline 0.006 -25"><span class='ocrx_word' id='word_1_202' title='bbox 315 3416 435 3480; x_wconf 85' lang='lat' dir='ltr'><strong>audito</strong></span> <span class='ocrx_word' id='word_1_203' title='bbox 465 3417 557 3498; x_wconf 81' lang='lat' dir='ltr'><strong>regis</strong></span> <span class='ocrx_word' id='word_1_204' title='bbox 581 3417 772 3484; x_wconf 80' lang='lat' dir='ltr'><strong>infortunio</strong></span> <span class='ocrx_word' id='word_1_205' title='bbox 799 3427 903 3503; x_wconf 78' lang='lat' dir='ltr'><strong>atque</strong></span> <span class='ocrx_word' id='word_1_206' title='bbox 929 3420 971 3484; x_wconf 82' lang='lat' dir='ltr'><strong>de</strong></span> <span class='ocrx_word' id='word_1_207' title='bbox 999 3419 1074 3504; x_wconf 81' lang='lat' dir='ltr'><strong>ejus</strong></span> <span class='ocrx_word' id='word_1_208' title='bbox 1097 3439 1266 3502; x_wconf 73' lang='lat' dir='ltr'><strong>regressu</strong></span> 
     </span>
     <span class='ocr_line' id='line_1_31' title="bbox 316 3514 1264 3602; baseline 0.004 -23"><span class='ocrx_word' id='word_1_209' title='bbox 316 3514 483 3592; x_wconf 85' lang='lat' dir='ltr'><strong>diffidens,</strong></span> <span class='ocrx_word' id='word_1_210' title='bbox 508 3515 621 3580; x_wconf 79' lang='lat' dir='ltr'><strong>foedus</strong></span> <span class='ocrx_word' id='word_1_211' title='bbox 647 3519 807 3583; x_wconf 76' lang='lat' dir='ltr'><strong>amicitiae</strong></span> <span class='ocrx_word' id='word_1_212' title='bbox 837 3539 914 3583; x_wconf 90' lang='lat' dir='ltr'><strong>cum</strong></span> <span class='ocrx_word' id='word_1_213' title='bbox 943 3518 1117 3602; x_wconf 88' lang='lat' dir='ltr'><strong>Philippo,</strong></span> <span class='ocrx_word' id='word_1_214' title='bbox 1145 3518 1264 3583; x_wconf 81' lang='lat' dir='ltr'><strong>Frau—</strong></span> 
     </span>
     <span class='ocr_line' id='line_1_32' title="bbox 315 3610 1268 3700; baseline 0.006 -24"><span class='ocrx_word' id='word_1_215' title='bbox 315 3632 433 3677; x_wconf 86' lang='lat' dir='ltr'><strong>corum</strong></span> <span class='ocrx_word' id='word_1_216' title='bbox 461 3634 553 3694; x_wconf 80' lang='lat' dir='ltr'>rego,</span> <span class='ocrx_word' id='word_1_217' title='bbox 580 3616 669 3694; x_wconf 86' lang='lat' dir='ltr'><strong>iniit,</strong></span> <span class='ocrx_word' id='word_1_218' title='bbox 694 3610 918 3700; x_wconf 81' lang='lat' dir='ltr'><strong>³siuistr0quc</strong></span> <span class='ocrx_word' id='word_1_219' title='bbox 942 3637 1026 3681; x_wconf 84' lang='lat' dir='ltr'><strong>usus</strong></span> <span class='ocrx_word' id='word_1_220' title='bbox 1053 3617 1201 3681; x_wconf 84' lang='lat' dir='ltr'><strong>consilio</strong></span> <span class='ocrx_word' id='word_1_221' title='bbox 1226 3619 1268 3683; x_wconf 80' lang='lat' dir='ltr'><strong>iu</strong></span> 
     </span>
    </p>
   </div>
   <div class='ocr_carea' id='block_1_6' title="bbox 227 3844 1274 4191">
    <p class='ocr_par' dir='ltr' id='par_1_7' title="bbox 315 3844 1274 4120">
     <span class='ocr_line' id='line_1_33' title="bbox 351 3844 1270 3911; baseline 0.005 -15"><span class='ocrx_word' id='word_1_222' title='bbox 351 3844 491 3910; x_wconf 78' lang='lat' dir='ltr'><strong>¹Dicitur.]</strong></span> <span class='ocrx_word' id='word_1_223' title='bbox 507 3844 616 3899; x_wconf 76' lang='lat' dir='ltr'><strong>‘Datur&#39;</strong></span> <span class='ocrx_word' id='word_1_224' title='bbox 628 3849 654 3899; x_wconf 91' lang='lat' dir='ltr'><strong>in</strong></span> <span class='ocrx_word' id='word_1_225' title='bbox 668 3849 698 3898; x_wconf 83' lang='lat' dir='ltr'><strong>C.</strong></span> <span class='ocrx_word' id='word_1_226' title='bbox 800 3846 918 3897; x_wconf 81' lang='lat' dir='ltr'><strong>declured</strong></span> <span class='ocrx_word' id='word_1_227' title='bbox 937 3850 963 3894; x_wconf 82' lang='lat' dir='ltr'><strong>to</strong></span> <span class='ocrx_word' id='word_1_228' title='bbox 978 3847 1021 3896; x_wconf 78' lang='lat' dir='ltr'><strong>the</strong></span> <span class='ocrx_word' id='word_1_229' title='bbox 1033 3846 1193 3911; x_wconf 71' lang='lat' dir='ltr'><strong>Justiciaries</strong></span> <span class='ocrx_word' id='word_1_230' title='bbox 1212 3851 1270 3901; x_wconf 82' lang='lat' dir='ltr'><strong>und</strong></span> 
     </span>
     <span class='ocr_line' id='line_1_34' title="bbox 350 3913 1272 3982; baseline 0.005 -18"><span class='ocrx_word' id='word_1_231' title='bbox 350 3913 453 3965; x_wconf 74' lang='lat' dir='ltr'><em>&#39;Comes</em></span> <span class='ocrx_word' id='word_1_232' title='bbox 470 3917 624 3982; x_wconf 64' lang='lat' dir='ltr'><strong>bium]</strong></span> <span class='ocrx_word' id='word_1_233' title='bbox 652 3917 775 3979; x_wconf 84' lang='lat' dir='ltr'>Compare</span> <span class='ocrx_word' id='word_1_234' title='bbox 799 3916 870 3965; x_wconf 85' lang='lat' dir='ltr'><strong>other</strong></span> <span class='ocrx_word' id='word_1_235' title='bbox 885 3917 972 3966; x_wconf 75' lang='lat' dir='ltr'><strong>nobles</strong></span> <span class='ocrx_word' id='word_1_236' title='bbox 989 3917 1016 3964; x_wconf 88' lang='lat' dir='ltr'><strong>in</strong></span> <span class='ocrx_word' id='word_1_237' title='bbox 1028 3916 1140 3977; x_wconf 87' lang='lat' dir='ltr'><strong>Londou‚</strong></span> <span class='ocrx_word' id='word_1_238' title='bbox 1149 3915 1208 3967; x_wconf 81' lang='lat' dir='ltr'><strong>that</strong></span> <span class='ocrx_word' id='word_1_239' title='bbox 1219 3920 1272 3969; x_wconf 72' lang='lat' dir='ltr'><strong>Ri-</strong></span> 
     </span>
     <span class='ocr_line' id='line_1_35' title="bbox 316 3984 1271 4051; baseline 0.004 -18"><span class='ocrx_word' id='word_1_240' title='bbox 316 3985 475 4049; x_wconf 79' lang='lat' dir='ltr'><strong>Newburgh,</strong></span> <span class='ocrx_word' id='word_1_241' title='bbox 488 3987 522 4039; x_wconf 85' lang='lat' dir='ltr'><strong>iv.</strong></span> <span class='ocrx_word' id='word_1_242' title='bbox 536 3985 549 4051; x_wconf 84' lang='lat'>§</span> <span class='ocrx_word' id='word_1_243' title='bbox 561 3991 602 4050; x_wconf 70' lang='lat' dir='ltr'><strong>tt,</strong></span> <span class='ocrx_word' id='word_1_244' title='bbox 612 3988 674 4037; x_wconf 85' lang='lat' dir='ltr'><strong>with</strong></span> <span class='ocrx_word' id='word_1_245' title='bbox 687 3986 774 4036; x_wconf 84' lang='lat' dir='ltr'>Hove·</span> <span class='ocrx_word' id='word_1_246' title='bbox 799 3986 877 4035; x_wconf 83' lang='lat' dir='ltr'><strong>churd</strong></span> <span class='ocrx_word' id='word_1_247' title='bbox 891 4000 946 4034; x_wconf 75' lang='lat' dir='ltr'><strong>was</strong></span> <span class='ocrx_word' id='word_1_248' title='bbox 962 3984 1037 4049; x_wconf 82' lang='lat' dir='ltr'>dead,</span> <span class='ocrx_word' id='word_1_249' title='bbox 1051 3985 1101 4035; x_wconf 79' lang='lat' dir='ltr'><strong>and</strong></span> <span class='ocrx_word' id='word_1_250' title='bbox 1118 3984 1271 4039; x_wconf 74' lang='lat' dir='ltr'><strong>demanded</strong></span> 
     </span>
     <span class='ocr_line' id='line_1_36' title="bbox 315 4053 1274 4120; baseline 0.007 -19"><span class='ocrx_word' id='word_1_251' title='bbox 315 4053 480 4117; x_wconf 62' lang='lat' dir='ltr'><strong>demum.</strong></span> <span class='ocrx_word' id='word_1_252' title='bbox 798 4055 840 4105; x_wconf 85' lang='lat' dir='ltr'><strong>the</strong></span> <span class='ocrx_word' id='word_1_253' title='bbox 852 4069 936 4104; x_wconf 87' lang='lat' dir='ltr'><strong>crown</strong></span> <span class='ocrx_word' id='word_1_254' title='bbox 946 4054 1010 4105; x_wconf 82' lang='lat' dir='ltr'><strong>from</strong></span> <span class='ocrx_word' id='word_1_255' title='bbox 1020 4055 1062 4105; x_wconf 79' lang='lat' dir='ltr'><strong>the</strong></span> <span class='ocrx_word' id='word_1_256' title='bbox 1071 4053 1228 4120; x_wconf 79' lang='lat' dir='ltr'><strong>archbishop</strong></span> <span class='ocrx_word' id='word_1_257' title='bbox 1240 4059 1274 4108; x_wconf 77' lang='lat' dir='ltr'><strong>cf</strong></span> 
     </span>
    </p>

    <p class='ocr_par' dir='ltr' id='par_1_8' title="bbox 227 4120 984 4191">
     <span class='ocr_line' id='line_1_37' title="bbox 227 4120 984 4191; baseline 0.001 -16"><span class='ocrx_word' id='word_1_258' title='bbox 227 4168 232 4175; x_wconf 94' lang='grc'><em>,</em></span> <span class='ocrx_word' id='word_1_259' title='bbox 348 4120 515 4189; x_wconf 63' lang='lat' dir='ltr'><strong>&#39;sinistroque</strong></span> <span class='ocrx_word' id='word_1_260' title='bbox 526 4124 713 4191; x_wconf 56' lang='lat' dir='ltr'><strong>mamilia]</strong></span> <span class='ocrx_word' id='word_1_261' title='bbox 732 4123 774 4173; x_wconf 85' lang='lat' dir='ltr'><strong>He</strong></span> <span class='ocrx_word' id='word_1_262' title='bbox 799 4125 904 4186; x_wconf 82' lang='lat' dir='ltr'><strong>Roueu3</strong></span> <span class='ocrx_word' id='word_1_263' title='bbox 922 4124 984 4177; x_wconf 88' lang='lat' dir='ltr'><strong>ibid.</strong></span> 
     </span>
    </p>
   </div>
   <div class='ocr_carea' id='block_1_7' title="bbox 0 0 1437 4876">
    <p class='ocr_par' dir='ltr' id='par_1_9' title="bbox 0 0 1437 4876">
     <span class='ocr_line' id='line_1_38' title="bbox 0 0 1437 4876; baseline 0 0"><span class='ocrx_word' id='word_1_264' title='bbox 0 0 1437 4876; x_wconf 95' lang='lat' dir='ltr'><strong> </strong></span> 
     </span>
    </p>
   </div>
  </div>
 </body>
</html>
