2858 4876
330 392 395 455 110
580 405 715 453 nocam
740 405 787 451 na
813 402 1022 452 wanoovna·

168 579 225 678 Ap.
225 579 293 668 ιᾱιιι.
330 561 459 643 gentia,
483 561 620 642 igneam
643 560 847 642 qualitatem
869 559 1100 643 praeferentia,
1116 559 1195 623 visu
1219 576 1284 622 au·

203 630 400 726 ι”ᾱοιιοιῖοιιι
410 660 649 743 superomnia
664 679 743 742 quae
754 659 948 740 excogitari
961 658 1081 723 valent
1095 657 1236 722 horrida
1247 666 1283 722 et

170 730 216 770 ⁸⁹⁶
216 730 284 770 hm
330 761 498 826 horrende
515 759 682 824 terribilia
683 759 840 845 ,jugiter
855 759 1079 840 impetebant,
1100 764 1147 835 et,
1164 777 1283 839 quam·

330 861 385 925 vis
402 861 589 925 renitentes
607 878 648 924 ac
665 860 813 924 multum
832 857 1055 940 refugientes
1074 857 1140 921 sibi
1156 878 1282 939 genere

331 960 508 1024 abusionis
529 959 717 1024 damnabili
747 957 945 1042 permisceri
967 957 1201 1039 cogebantur3
1230 957 1283 1021 ita

331 1059 422 1122 enim
444 1060 535 1123 inter
556 1058 723 1123 nefandos
738 1058 939 1140 complexus
955 1077 1028 1139 prae
1044 1057 1151 1121 nimio
1164 1056 1282 1120 dolore

330 1158 561 1241 palpitabant,
588 1158 772 1240 rugiebant
803 1165 839 1221 et
867 1156 1061 1234 ululabant,
1091 1164 1127 1221 et
1158 1155 1282 1221 deinde

329 1258 427 1322 velut
453 1257 643 1321 exanimati
667 1263 702 1322 et
725 1257 762 1320 in
783 1263 928 1320 mortem
953 1255 1151 1320 deficientes
1173 1255 1281 1320 colla·

329 1357 510 1435 bebantur,
533 1356 729 1439 excipiendi
753 1375 836 1421 mox
859 1356 1068 1420 cruciatibus
1093 1355 1279 1420 innovatis.

330 1455 469 1521 Horreo
481 1456 631 1520 referens
644 1463 679 1519 et
694 1455 833 1519 sceleris
849 1454 1078 1520 obscoenitate
1092 1455 1128 1519 in
1139 1462 1280 1519 memet·

327 1555 406 1638 ipso
422 1574 529 1638 supra
553 1555 691 1619 modum
708 1554 911 1632 confundor,
933 1553 1016 1617 dum
1036 1554 1120 1618 mihi
1137 1562 1279 1619 eatenus

329 1653 524 1719 inauditum
548 1655 661 1718 suerat
688 1661 724 1718 et
753 1653 964 1736 inopinabile
990 1660 1175 1737 utrumque
1198 1673 1280 1718 sex-

330 1774 390 1818 um
406 1754 533 1819 talibus
555 1753 780 1818 immunditiis
796 1754 903 1817 fuisse
920 1753 1139 1835 aliquatenus
1155 1753 1280 1836 depra-

331 1859 463 1931 vatum,
486 1860 533 1927 et,
555 1852 644 1936 proh
668 1853 788 1918 dolor!
819 1852 940 1918 talium
966 1859 1108 1918 caterva
1131 1860 1204 1918 tam
1228 1854 1282 1917 in·

331 1952 554 2016 numerabilis
575 1972 678 2035 quam
698 1952 887 2016 miserrime
906 1951 1110 2016 miserabilis
1133 1954 1282 2036 reperie-

330 2051 433 2116 batur
454 2052 590 2117 ibidem.
637 2051 811 2118 Personas
841 2052 1028 2116 multorum
1053 2052 1114 2116 illo
1139 2052 1177 2116 in
1202 2054 1281 2117 loco

330 2170 394 2215 nec
411 2152 533 2234 aspexi
555 2170 619 2216 nec
641 2152 782 2234 agnovi,
797 2151 880 2235 quia
900 2158 1148 2216 tormentorum
1167 2159 1203 2216 et
1218 2152 1280 2216 ob-

330 2251 526 2315 scoenitatis
546 2251 733 2316 enormitas
750 2270 792 2315 ac
808 2250 944 2315 soetoris
962 2258 997 2314 et
1014 2250 1212 2316 immanitas
1228 2252 1279 2315 ni-

330 2348 438 2414 mium
454 2349 538 2415 mihi
554 2351 733 2432 ingerebat
748 2350 944 2430 horrorem3
968 2349 1060 2415 unde
1074 2350 1158 2414 mihi
1174 2370 1281 2433 supra

330 2450 469 2514 modum
491 2448 673 2514 molestum
700 2449 779 2528 fuit,
796 2449 852 2514 vel
874 2450 919 2513 ad
941 2451 1045 2514 breve
1066 2458 1278 2515 momentum

330 2548 379 2612 ibi
410 2549 610 2626 consistere,
639 2548 696 2613 vel
720 2569 799 2632 quae
826 2548 952 2613 ibidem
983 2549 1112 2613 fiebant
1140 2549 1280 2615 intueri,

332 2646 492 2730 Denique
518 2647 609 2713 inter
630 2646 869 2714 lamentabiles
893 2649 1184 2731 querimoniarum
1205 2650 1280 2714 ulu-

330 2746 436 2824 latuS,
459 2747 541 2811 dum
569 2747 736 2814 clamaret
760 2749 999 2831 unusquisque
1029 2767 1161 2825 eorum,
1184 2749 1280 2814 ‘Vae

330 2846 433 2912 mihi!
457 2866 511 2912 vae
528 2846 613 2912 mihi
624 2849 635 2929 i
657 2867 764 2929 quare
782 2847 936 2931 peccavi,
954 2867 1061 2930 quare
1078 2849 1280 2932 poenitendo

329 2953 474 3028 peccata
490 2966 560 3011 non
574 2947 710 3012 correxi
717 2945 743 3012 τ’
760 2948 847 3012 adeo
865 2947 945 3011 illos
960 2947 1206 3030 suppliciorum
1221 2949 1281 3013 do·

330 3044 421 3110 lores
442 3047 705 3128 ingeminabant
723 3047 866 3130 singuli,
888 3053 927 3112 nt
948 3047 1187 3129 plangentium
1209 3049 1280 3112 cla-

330 3163 460 3209 morem
489 3145 735 3212 vociferatione
768 3148 934 3212 continua
962 3153 1104 3229 putares
1134 3147 1172 3212 in
1203 3154 1279 3214 toto

330 3245 458 3309 mundo
474 3244 609 3311 audiri?

495 3417 545 3481 De
559 3418 692 3503 quodem
709 3418 817 3505 lapisto
831 3427 861 3485 ot
877 3420 943 3504 ejas
956 3420 1109 3486 amatote.

381 3539 539 3605 ‘Verum
560 3540 654 3619 licet,
671 3550 839 3625 quantum
859 3544 970 3625 potui,
985 3564 1064 3627 quae
1083 3545 1131 3608 ibi
1151 3544 1280 3611 fiebant

329 3638 520 3722 refugerem
554 3640 693 3719 intueri,
731 3642 835 3707 unius
867 3651 984 3707 tamen
1018 3644 1145 3723 clerici,
1177 3665 1280 3728 quem

330 3738 412 3802 olim
435 3759 660 3821 agnoveram,
682 3761 752 3808 non
774 3742 933 3806 valebam
957 3743 1090 3808 evitare
1115 3763 1279 3827 conspec-

330 3844 429 3918 tum3
462 3838 518 3904 hic
542 3859 606 3904 suo
631 3848 786 3924 tempore
812 3861 942 3916 eorum,
966 3862 1053 3925 quos
1079 3842 1223 3925 legistas
1244 3852 1282 3909 et

329 3936 532 4004 decretistas
575 3942 765 4025 appellant,
803 3941 1032 4023 peritissimus
1076 3942 1279 4023 habebatur,

328 4038 420 4102 unde
440 4039 475 4102 in
491 4039 680 4105 redditibus
695 4041 917 4105 ecclesiarum
935 4041 1122 4125 ampliatus
1138 4043 1279 4109 affluen-

327 4137 473 4203 tioribus
488 4138 599 4204 indies
616 4140 740 4224 opibus
756 4140 957 4206 abundavit.
990 4139 1099 4207 Hunc
1114 4143 1151 4206 in
1165 4145 1279 4226 poenis
