2858 4876
409 406 548 454 ruonns
572 406 842 456 nrsrourrnuu.
1032 392 1098 456 259

145 559 241 623 ilium
275 563 411 627 comitis
444 564 618 628 Flandriae
654 563 874 638 destinatum,
909 583 1096 646 casumque
1110 576 1234 621 arms.

146 677 219 724 sure
245 661 367 726 classis
396 682 437 727 ac
465 663 628 727 damnum
656 664 890 745 irreparabile,
919 665 1010 745 quod
1036 684 1095 728 ae-

147 759 291 839 ciderat,
311 763 387 844 regi
405 783 467 846 per
485 763 639 828 ordinem
662 763 866 827 retulerunt.
913 763 992 827 Rex
1009 783 1096 846 quo·

146 879 213 942 qne
229 859 423 945 Philippus,
440 882 517 926 cum
540 862 737 945 hujusmodi
753 864 974 944 cognovisset
990 883 1094 927 even·

146 968 230 1035 tum,
247 980 268 1025 a
287 962 453 1026 Flandria
469 982 548 1026 eum
565 982 693 1044 magno
714 964 769 1027 sui
791 981 1000 1046 suorumque
1022 964 1093 1028 dis·

144 1059 269 1141 pendio
283 1062 448 1126 confusus
463 1064 618 1127 recessit.

214 1235 264 1298 De
278 1231 463 1300 absolutione
477 1235 557 1321 rapis
570 1235 696 1320 Appliae
711 1236 801 1320 opud
819 1235 1010 1301 Wtbtoniorn

563 1336 670 1421 sacta.

194 1457 273 1521 Rex
287 1467 401 1522 autem
415 1458 623 1542 Anglorum,
633 1480 710 1524 curn
723 1479 776 1536 ea,
790 1479 868 1542 quae
877 1460 912 1522 in
928 1459 1093 1523 Flandria
1104 1471 1246 1572 mamm

143 1565 243 1638 gesta
252 1558 402 1637 fuerant
415 1559 673 1624 areierentrbus
682 1561 867 1632 didicisset
881 1560 1024 1641 gavisus
1039 1565 1092 1623 est
1104 1574 1187 1621 munst

142 1657 253 1735 valde,
268 1677 309 1722 ac
325 1659 579 1742 aliquantulum
592 1669 707 1725 mente
721 1661 843 1734 elatus,
861 1660 906 1724 ob
918 1659 983 1724 boc
1000 1623 1159 1742 qu0d¹²¹¹⁰

143 1756 329 1822 adventum
357 1760 449 1842 regis
474 1759 686 1824 Francorum
716 1760 760 1824 ad
783 1766 918 1842 tempus
947 1767 1093 1825 noverat

141 1875 359 1939 suspensum,
373 1860 540 1942 praecepit
548 1861 768 1942 magnatibus
781 1867 816 1924 et
824 1860 993 1923 universae
1005 1860 1090 1923 mul-

141 1957 292 2036 titudini,
310 1978 414 2041 quam
431 1960 475 2023 ad
489 1959 718 2024 defensionem
736 1959 859 2043 patriae
879 1960 972 2023 circa
985 1960 1090 2022 mari·

141 2055 227 2120 tima
243 2058 486 2137 collocaverat,
510 2067 550 2123 ut
565 2060 608 2124 ad
628 2061 769 2143 propria
795 2066 1008 2137 remearent;
1030 2058 1090 2122 de-

141 2154 221 2220 inde
247 2159 342 2223 misit
364 2159 531 2223 militibus
549 2161 633 2237 suis,
653 2161 713 2241 qui
735 2166 834 2224 erant
855 2160 891 2221 in
911 2158 1089 2236 Flandria,

141 2274 303 2338 magnam
338 2260 493 2342 pecuniae
528 2278 709 2336 summam,
742 2260 947 2342 promittens
975 2266 1011 2321 et
1039 2261 1089 2321 eis

140 2357 310 2421 auxilium
337 2359 566 2442 imperatoris,
597 2366 637 2423 ut
662 2366 788 2423 terram
819 2359 911 2440 regis
936 2357 1088 2423 Franco-

140 2475 216 2519 rum
240 2456 411 2528 hostiliter
428 2460 577 2541 ingressi
598 2459 765 2522 incendiis
784 2459 910 2522 ibidem
924 2465 1089 2521 vacarent

139 2562 176 2620 et
189 2557 331 2639 rapinis.
385 2558 467 2640 Ipse
482 2577 620 2641 quoque
642 2578 705 2623 rex
728 2559 820 2642 apud
844 2557 1088 2622 Portesmuthe

140 2658 328 2726 exercitum
352 2659 578 2740 congregavit
603 2658 820 2736 immensum,
843 2665 883 2722 ut
906 2657 951 2721 ad
969 2656 1087 2721 Pieta-

139 2756 230 2819 viam
249 2757 512 2837 transfretaret3
531 2758 716 2840 disponens
734 2765 870 2841 aparte
888 2757 1086 2834 occidentis,

139 2855 229 2920 sieut
250 2856 302 2920 illi
324 2858 384 2941 qui
407 2867 507 2922 erant
528 2859 564 2922 in
583 2858 749 2923 Flandria
771 2878 793 2922 a
814 2866 913 2940 parte
933 2858 1085 2934 orientis,

137 2974 260 3037 regem·
278 2963 313 3020 et
335 2977 477 3040 regnum
504 2957 717 3022 Francorum
733 2959 938 3040 inquietare,
952 2976 1085 3021 necnon

138 3072 216 3118 cum
229 3058 323 3121 omni
339 3057 416 3121 nisu
429 3065 539 3121 terras
555 3059 700 3122 amissas
718 3058 761 3122 ad
776 3076 878 3121 suum
896 3057 1085 3120 dominium

137 3174 311 3221 revocare.
339 3157 407 3221 Sed
421 3150 522 3222 aliter
533 3159 658 3223 accidit
672 3178 775 3241 quam
788 3158 963 3240 sperabat,
976 3150 1086 3237 ¹mag·

138 3263 237 3322 nates
260 3257 351 3320 enim
374 3255 513 3340 Angliae
543 3258 656 3342 ipsum
685 3259 783 3341 sequi
813 3257 997 3321 noluerunt
1020 3257 1086 3319 nisi

139 3355 237 3437 prius
257 3374 279 3418 a
301 3358 473 3422 sententia
496 3359 861 3423 excommunicationis
889 3355 1085 3421 absolvere-

138 3460 206 3520 tur.
262 3455 353 3521 Hae‘
368 3476 452 3540 ergo
473 3456 688 3522 districtione
710 3476 772 3521 rex
796 3456 995 3539 compulsus
1023 3458 1086 3520 mi-

137 3555 184 3618 sit
200 3549 334 3620 ²eartas
355 3557 481 3640 viginti
504 3565 655 3640 quatuor
678 3559 844 3622 comitum·
864 3565 899 3621 et
917 3557 1085 3619 baronum

137 3655 182 3718 ad
204 3655 506 3740 arehiepiscopum
530 3666 565 3722 et
588 3658 769 3740 episcopos
796 3658 1018 3740 praescriptos
1040 3657 1084 3719 ad

136 3755 303 3839 majorem
334 3759 567 3835 securitatem,
599 3766 640 3821 ut
670 3758 762 3822 omni
798 3765 893 3821 metu
926 3756 1085 3838 deposito

171 3960 330 4026 ¹Maguater.
342 3965 354 4029 ]
382 3965 540 4027 Coggeshale
562 3981 601 4016 re·
625 3982 657 4016 on
667 3967 710 4015 the
719 3967 780 4029 plea
790 3968 845 4017 that
852 3969 917 4018 their
924 3983 1010 4018 meane
1017 3983 1086 4018 were

135 4033 200 4083 lates
228 4035 284 4083 that
307 4033 340 4085 he
366 4029 471 4098 applied
503 4041 529 4086 to
558 4036 599 4086 the
625 4037 711 4099 nearly
722 4038 872 4089 exhausted

136 4098 369 4163 Northumberland
379 4108 471 4156 barone
481 4107 520 4155 ior
530 4106 601 4169 help,
660 4102 779 4160 'Carteia
791 4109 803 4173 ]
821 4108 951 4160 Priuted'
944 4124 970 4157 ιιι
981 4109 1087 4171 Rymer,

136 4175 183 4223 but
194 4173 249 4224 that
259 4174 319 4237 they
326 4177 438 4227 excueed
449 4177 632 4227 themselves
625 4193 642 4228 1.
654 4194 680 4239 p.
692 4182 749 4229 112.

941 4280 980 4324 ⁵2
