2858 4876
316 381 360 445 76
575 393 708 442 noorai
733 394 780 440 nn
804 390 1010 440 wennovaa

154 567 277 607 arr-11⁰³.
316 569 439 614 cussus
465 549 557 632 apud
584 548 761 613 Nazareth
792 548 883 612 inter
911 547 1032 630 epulas
1062 545 1183 611 subito
1211 567 1280 611 ex·

154 616 256 656 Sstadtn's

153 666 262 716 kingdom.

316 649 473 730 spiravit,
500 648 600 731 cujus
631 667 774 729 regnum
807 646 1026 729 Saphadinus
1056 644 1166 709 frater
1196 645 1280 729 ejus

316 747 409 813 illico
422 747 617 828 usurpavit.
670 746 827 809 Fuerunt
842 752 958 810 autem
974 762 1053 807 cum
1072 762 1115 806 eo
1132 750 1277 826 septem

316 845 378 910 filii
406 845 596 920 Salaadini,
623 852 746 908 contra
771 862 859 926 quos
882 843 945 905 filii
968 841 1154 920 Noradini,
1180 861 1277 925 quos

317 943 523 1007 Salaadinus
538 943 581 1006 de
591 961 698 1022 regno
715 949 861 1024 paterno
874 941 1070 1023 expulerat,
1085 959 1163 1004 cum
1177 942 1275 1005 mul·

316 1041 464 1105 titudine
492 1040 677 1104 Persarum
707 1039 946 1104 ascenderunt.
1007 1039 1063 1102 De
1092 1039 1173 1102 istis
1208 1058 1275 1105 au·

317 1146 385 1202 tem
404 1139 581 1215 fratribus,
604 1138 792 1202 Salaadino
809 1137 970 1202 videlicet
994 1143 1030 1201 et
1053 1136 1274 1219 Saphadino,

316 1245 493 1302 eteorum
525 1237 688 1319 progenie
715 1243 753 1300 et
780 1236 925 1300 liliorum
958 1236 1191 1312 successione,
1227 1237 1273 1301 ad

316 1335 468 1400 historiae
491 1336 685 1399 claritatem
712 1354 825 1417 pauca
853 1334 997 1399 dicenda
1025 1339 1119 1410 sunt,
1144 1335 1211 1417 qui
1236 1336 1273 1399 in

316 1435 409 1498 omni
447 1434 603 1498 versutia
642 1434 677 1496 in
723 1433 926 1515 paganismo
969 1432 1128 1496 omnibus
1174 1453 1272 1515 prm-

316 1534 523 1596 eminebant.
576 1532 731 1609 Mortuo,
760 1538 799 1595 ut
821 1531 951 1595 dictum
977 1537 1042 1607 est,
1065 1529 1274 1610 Selaadino,

316 1631 375 1712 qui
398 1650 522 1694 novem
544 1628 684 1711 reliquit
701 1630 790 1693 filios
813 1629 910 1711 regni
932 1629 987 1693 sni
1006 1628 1174 1706 haeredes,
1202 1630 1271 1695 Sa·

316 1729 499 1810 phadinus,
530 1727 641 1791 minor
664 1735 761 1805 natu,
786 1737 916 1792 omnes
933 1734 1077 1809 nepotes
1104 1746 1190 1791 snos
1215 1730 1273 1793 in·

318 1827 453 1891 terfecit
474 1833 601 1908 praeter
621 1846 740 1903 unum,
756 1827 815 1908 qui
833 1825 1034 1890 Noradinus
1050 1826 1273 1906 vocabatur3

317 1925 373 1989 hic
388 1932 483 1988 tenet
498 1931 625 1989 terram
642 1924 685 1988 de
700 1925 852 2009 Halape,
872 1944 949 1988 oum
967 1924 1125 1987 omnibus
1142 1925 1273 1989 vicinis

315 2024 515 2089 civitatibus
537 2030 573 2086 et
594 2025 717 2087 eastris
739 2031 774 2087 et
793 2024 886 2088 villis
909 2031 944 2088 et
964 2022 1042 2086 aliis
1064 2022 1273 2088 munitioni·-

315 2124 391 2200 bus,
408 2142 486 2205 quae
508 2128 590 2187 sunt
616 2121 799 2204 plusquam
822 2123 990 2186 ducentae.
1044 2120 1273 2202 Saphadinus

316 2229 444 2299 autem,
458 2222 611 2285 fraterno
634 2222 765 2303 potitus
780 2239 887 2301 regno
903 2227 939 2284 et
954 2219 1138 2301 nepotibus
1154 2219 1271 2285 inter·

315 2320 427 2399 lectis,
456 2320 652 2401 quindecim
676 2319 765 2383 filios
793 2319 926 2396 habuit,
953 2336 997 2381 ex
1029 2319 1154 2399 quibus
1187 2338 1272 2403 sep-

316 2425 397 2481 tem·
411 2420 447 2482 in
476 2419 592 2500 regnis
622 2417 805 2481 homicidio
831 2416 1009 2499 acquisitis
1031 2415 1270 2485 haereditavit.

315 2515 454 2579 Primus
486 2517 635 2579 filiorum
669 2515 745 2598 ejus
780 2515 954 2580 Melealim
981 2515 1186 2593 vocabatur,
1210 2519 1271 2581 cui

315 2613 409 2677 dedit
435 2615 472 2676 in
501 2613 737 2677 haereditatem
761 2614 804 2677 de
833 2633 870 2676 se
900 2613 1082 2677 tenendam
1107 2609 1272 2680 Alexan·

314 2711 437 2788 driam,
452 2711 693 2793 Babyloniam,
708 2711 876 2794 Kayram,
891 2712 1089 2775 Damietam
1105 2717 1141 2774 et
1157 2710 1269 2778 Cani·

195 2806 197 2811 ⁴
314 2811 414 2888 siam,
437 2829 515 2874 cum
542 2817 617 2874 tota
644 2816 737 2873 terra
763 2809 930 2893 AEgypti3
964 2809 1023 2872 sed
1054 2809 1145 2872 filius
1171 2810 1271 2894 ejus,

316 2910 453 2973 nomine
483 2908 688 2985 Goradinus‚
715 2915 810 2971 tenet
840 2908 1063 2984 Damascum,
1092 2906 1271 2975 Hierusaa

314 3007 382 3070 lem
404 3016 438 3072 et
467 3014 576 3072 totam
602 3014 729 3070 terram
756 3006 1042 3083 Christianorum,
1063 3000 1155 3070 inter
1177 3008 1270 3073 civi-

315 3112 405 3169 tates
427 3113 463 3169 et
477 3105 685 3169 munitiones
707 3112 742 3169 et
764 3113 880 3170 castra
896 3105 1079 3186 plusquam
1093 3106 1269 3186 trecenta,
1300 3170 1302 3175 .

314 3210 440 3285 praeter
470 3204 583 3268 villas.
628 3202 768 3267 Tertius
801 3204 891 3267 filius
924 3202 1000 3285 ejus
1031 3202 1269 3285 Melchiphais

315 3309 410 3366 tenet
423 3309 562 3379 terram,
577 3321 655 3383 quae
673 3302 799 3365 dicitur
812 3301 981 3377 Gemella,
995 3319 1071 3365 cum
1090 3307 1165 3364 tote
1181 3322 1270 3384 pro·

313 3401 441 3478 vincia,
473 3399 532 3463 ubl
565 3407 646 3462 sunt
675 3401 859 3482 plusquam
884 3399 1145 3482 quadringentae
1171 3400 1272 3466 inter

314 3499 474 3563 civitates
496 3505 532 3561 et
553 3498 759 3582 munitiones
789 3505 824 3560 et
850 3506 977 3574 castra,
999 3503 1126 3579 praeter
1145 3496 1269 3566 villas.

315 3596 471 3674 Quartus
496 3595 588 3658 filius
610 3595 698 3678 ejus,
724 3597 860 3660 nomine
882 3594 1137 3671 Mehemodain,
1151 3602 1270 3664 tenet

208 3698 211 3705 ’
314 3715 458 3776 regnum
478 3692 588 3770 Asiae,
610 3695 701 3775 quod
723 3694 827 3758 hahet
844 3695 934 3759 inter
949 3694 1110 3758 civitates
1130 3700 1168 3781 et
1187 3714 1271 3760 mu-

314 3795 462 3857 nitiones
483 3799 519 3856 et
543 3800 670 3868 castra,
693 3800 821 3874 praeter
836 3782 951 3869 villas,
971 3791 1155 3874 plusquam
1180 3813 1270 3859 sex-

312 3899 442 3955 centas.
494 3890 647 3968 Quintus
664 3890 756 3954 filius
775 3891 863 3974 ejus,
878 3891 1015 3954 nomine
1032 3890 1269 3958 Mechisema·
1337 3945 1341 3952 .

312 3991 409 4071 phet,
433 3996 527 4053 tenet
550 3997 675 4052 terram
698 3989 741 4052 de
758 3990 900 4065 Sareho,
918 3990 976 4052 ubi
996 3988 1084 4051 Abel
1102 3997 1268 4056 mortuus

310 4088 398 4167 suit3
423 4089 542 4169 inquo
564 4107 670 4166 regno
693 4096 775 4151 sunt
797 4089 886 4151 inter
908 4088 1067 4150 civitates
1090 4094 1125 4151 et
1146 4092 1267 4155 muni·
