2858 4876
424 378 468 442 ⁷2
674 389 808 437 nocam
832 387 879 435 uu
901 386 1110 435 wunnovnu

265 566 321 608 aa.
332 566 389 605 nn.
426 546 579 612 servavit
592 546 628 609 in
647 543 820 609 communi
840 561 959 607 eorum
977 537 1269 624 peregrinatione,
1286 539 1391 605 sicut

422 645 611 730 juramenti
633 648 850 706 sacramento
872 642 963 703 iuter
985 645 1150 720 utrosque
1162 637 1279 701 suerat
1292 656 1390 701 con·

427 744 612 825 firmatum.
651 740 786 804 Deinde
802 738 1036 819 conqueritur,
1050 736 1143 819 quod
1158 736 1299 817 siguum
1316 735 1390 799 du·

429 842 479 905 cis
498 839 664 916 Austriae,
686 836 934 919 consanguinei
956 835 1025 912 sui,-
1042 836 1088 898 ob
1107 833 1183 917 ejus
1197 840 1389 916 contemp·¹

429 947 511 1004 tum·
529 939 620 1022 apud
643 937 782 1019 Joppen
803 936 839 998 in
861 934 1015 998 cloacam
1036 932 1324 1016 praecipitaverit,
1348 940 1388 997 ct

429 1037 664 1103 Theutouicos
695 1054 777 1098 suos
810 1033 846 1097 iu
877 1039 971 1097 terra
1004 1038 1128 1096 sancta
1152 1031 1267 1096 verbis
1299 1050 1389 1114 pro-

429 1137 541 1201 brosis
557 1142 593 1199 et
607 1132 709 1199 lactis
724 1133 852 1214 ubique
863 1129 1153 1195 dehonestaverit.

362 1253 379 1294 ἰ
495 1234 606 1317 Super
621 1232 687 1295 biis
705 1238 820 1295 autem
841 1237 876 1294 et
892 1228 1088 1313 hujusmodi
1110 1227 1293 1292 calummis
1317 1248 1387 1295 rex

271 1315 359 1344 ‘mm'
431 1331 624 1413 Anglorum
643 1331 687 1393 ab
708 1331 916 1412 imperatore
939 1333 1142 1402 conventus,
1164 1326 1328 1409 protinus
1349 1329 1387 1392 in

431 1430 544 1494 medio
559 1436 656 1493 stans
678 1435 800 1492 contra
821 1425 976 1508 singulas
991 1425 1202 1509 objectiones
1217 1423 1270 1489 ita
1283 1424 1390 1491 lucu-

431 1529 543 1593 lenter
567 1534 603 1592 et
627 1532 870 1608 argumentose
891 1524 1102 1607 respondens
1125 1523 1318 1606 peroravit,
1345 1533 1390 1590 ut

431 1627 591 1692 omnibns
605 1625 823 1702 admirationi
838 1631 873 1687 et
886 1623 1101 1688 venerationi
1115 1620 1316 1699 baberetur,
1334 1620 1390 1690 ita'

431 1725 587 1788 utnulla
607 1723 757 1804 suspicio
776 1722 819 1785 de
841 1722 920 1797 hiis,
941 1721 977 1784 in
998 1721 1125 1803 quibus
1142 1721 1392 1802 accusabatur,

432 1824 469 1887 in
485 1822 647 1887 cordibus
661 1820 872 1884 audientium
892 1819 1038 1883 ulterius
1058 1826 1273 1899 remancret3
1302 1839 1391 1886 nam

434 1920 605 1983 dictorum
622 1917 803 1983 veritatem
826 1925 862 1982 ct
883 1917 1038 1981 ordinem
1056 1916 1217 1981 veridicis
1238 1917 1390 1999 quibus·

435 2019 514 2082 dam
541 2017 788 2082 assertionibus
816 2023 852 2080 et
882 2016 1183 2097 argumentatione
1211 2016 1391 2096 probabili

435 2117 487 2181 ita
515 2116 551 2181 in
582 2116 692 2180 lucem
722 2114 930 2200 propalavit,
959 2121 999 2178 ut
1021 2132 1141 2178 omnes
1168 2112 1390 2196 suspiciones

435 2215 553 2289 falsas,
576 2215 700 2296 quibus
728 2214 969 2296 impetebatur,
993 2211 1198 2276 omnimodis
1222 2211 1390 2294 allegati·

435 2315 557 2378 onibus
579 2311 734 2376 cassaret
753 2314 789 2376 et
805 2318 982 2394 gestorum
996 2311 1176 2375 veritatem
1198 2329 1269 2374 non
1290 2318 1391 2377 tacc-

435 2419 507 2490 ret3
542 2411 770 2494 proditionem
801 2429 939 2491 quoque
968 2409 1210 2486 omnimodam,
1232 2408 1290 2473 vel
1322 2411 1390 2476 ali·

436 2509 536 2593 cujus
567 2510 734 2592 principis
766 2508 860 2572 necis
890 2507 1192 2583 machinationem,
1222 2516 1394 2575 coustan-

437 2615 490 2671 ter
504 2607 720 2684 defendebat,
743 2625 900 2671 asserens
920 2625 958 2670 se
980 2625 1115 2689 semper
1128 2604 1202 2669 fore
1222 2615 1392 2688 paratum

436 2706 480 2770 ad
507 2726 606 2770 suam
626 2705 860 2770 innocentiam
885 2705 1101 2787 purgandam
1127 2722 1232 2785 super
1256 2705 1392 2772 talibus

437 2804 702 2887 objectionibus,
732 2811 836 2886 prout
861 2803 1079 2884 imperatoris
1106 2803 1202 2866 curia
1230 2800 1393 2870 rationa-

436 2903 550 2967 biliter
565 2902 752 2985 judicaret.
786 2900 961 2982 'Cumque
984 2892 1115 2965 diutius
1138 2920 1254 2965 coram
1275 2902 1392 2986 impe-

438 3008 553 3064 ratore
584 3007 618 3064 ct
649 2999 862 3082 principibus
888 2999 963 3082 ejus
985 2998 1222 3075 disertissime,
1247 3006 1288 3063 nt
1311 3011 1394 3068 crat

439 3096 717 3175 facundissimus,
759 3097 957 3179 allegasset,
995 3097 1182 3178 imperator
1213 3097 1395 3165 admirans

440 3200 573 3261 tantam
593 3197 629 3259 in
650 3216 732 3278 rege
748 3196 943 3259 facundiam
966 3196 1130 3272 surrexit,
1152 3202 1199 3273 et,
1219 3199 1396 3265 accersito

440 3295 484 3358 ad
519 3313 557 3358 se
587 3295 676 3376 ipso,
703 3293 780 3376 ejus
811 3294 847 3356 in
882 3293 1002 3358 oscula
1034 3294 1115 3371 ruit,
1155 3313 1197 3358 ac
1227 3294 1398 3383 deinceps

439 3393 566 3457 blande
581 3392 773 3474 leniterque
789 3411 867 3455 cnm
884 3411 926 3455 eo
942 3393 1080 3474 agebat
1134 3390 1190 3456 Ab
1211 3393 1273 3459 illo
1290 3395 1396 3463 deni·

441 3510 508 3573 que
532 3492 587 3555 die
610 3490 717 3572 coepit
735 3489 923 3572 imperator
948 3491 1064 3555 mitius
1088 3510 1192 3573 agere
1216 3498 1252 3556 et
1273 3513 1401 3578 regem

441 3589 655 3654 familiariter
671 3587 852 3653 honorare.

473 3734 563 3835 Quod
578 3781 633 3825 rec
647 3761 830 3825 Ilicbocdus
839 3782 903 3846 pro
918 3759 1117 3846 redemptione
1130 3778 1188 3823 sac
1202 3767 1325 3824 cantum
1342 3772 1375 3828 et

550 3848 763 3945 quadruplata
779 3859 886 3923 millia
902 3856 1161 3941 librarwmfiacm
1167 3858 1292 3942 fecerit.

279 4004 339 4044 rece
347 4003 411 4044 rm
493 3982 563 4046 Hie
586 3983 637 4047 ita
654 3983 776 4063 gestis,
797 3981 917 4046 amicis
941 3982 1021 4045 hinc
1047 3981 1128 4045 inde
1149 3981 1404 4065 mediantibuS,

279 4065 373 4095 ‘'m''
442 4102 504 4164 pro
532 4081 765 4162 redemptione
799 4081 891 4161 regis
929 4080 1058 4143 diutius
1095 4086 1284 4143 tractatum
1316 4092 1402 4164 est;
