2858 4876
334 383 399 449 142
583 399 719 447 aoenru
743 400 791 447 nn
813 399 1023 448 wnunovaa

170 575 294 616 anua-
333 559 465 644 primiS,
479 569 616 624 mortuo
636 579 718 645 rege
742 560 929 639 Richardo,
953 561 1119 624 debuerat
1139 559 1183 624 ad
1206 578 1283 623 eum

334 662 469 726 venisse
495 659 595 724 etde
614 660 695 744 jure
719 680 783 726 suo
806 661 857 724 illi
880 661 1078 744 homagium
1103 659 1283 724 obtulisse.

334 761 532 825 Recedente
547 759 584 823 in
600 749 691 824 hunc
706 757 844 829 modum
863 762 1076 826 Francorum
1090 781 1183 843 rege,
1195 759 1285 824 Wil-

333 861 457 925 lelmus
473 860 516 925 de
531 859 703 942 Rupibus,
720 860 773 924 vir
794 861 932 938 nobilis,
946 860 1138 925 Arthurum
1160 859 1283 924 callide

333 960 376 1026 de
398 959 557 1025 custodia
575 960 668 1042 regis
685 959 899 1024 Francorum
915 961 1064 1043 eripiens
1087 960 1285 1043 pacificavit

334 1079 412 1124 eum
445 1079 523 1124 cum
554 1079 636 1142 rege
662 1057 867 1142 Anglorum,
897 1061 1037 1124 tradens
1068 1061 1178 1124 eidem
1209 1060 1284 1141 regi

336 1160 582 1225 Cenomanniae
615 1160 805 1237 civitatem,
836 1180 940 1242 quam
976 1181 1039 1226 rex
1071 1160 1285 1224 Francorum

291 1272 295 1279 '
334 1261 501 1343 praedicto
523 1259 701 1325 Willelmo
733 1258 769 1322 in
800 1261 958 1324 custodia
986 1259 1177 1324 tradiderat
1206 1279 1285 1323 cum

338 1359 514 1439 Arthuro;
545 1359 606 1424 sed
633 1359 690 1424 die
720 1360 840 1424 eodem
866 1360 996 1424 dictum
1023 1359 1091 1424 fuit
1115 1358 1284 1436 Arthuro,

335 1460 427 1542 quod
450 1479 514 1524 rex
532 1457 728 1540 Anglorum
755 1458 870 1541 ipsum
891 1467 1030 1543 caperet
1056 1467 1091 1524 et
1116 1465 1285 1543 perpetuo

335 1558 466 1624 carceri
491 1558 715 1641 manciparet,
739 1559 831 1623 unde
856 1558 946 1624 idem
971 1559 1147 1624 Arthurus
1172 1559 1285 1622 denuo

335 1659 380 1723 ad
398 1658 612 1725 Francorum
629 1679 746 1742 regem
762 1659 912 1723 latenter
926 1661 1081 1724 recessit.

419 1833 461 1898 Ut
474 1855 528 1899 rac
544 1833 620 1898 Otho
634 1835 767 1898 Beatam
782 1833 902 1898 ueniens
916 1833 1081 1918 imperium
1094 1831 1206 1896 ibidem

721 1931 894 1998 obtinuerit.

387 2058 491 2123 Circa
518 2058 592 2123 dies
623 2059 720 2135 istos,
754 2066 894 2123 cassata
926 2058 1092 2123 electione
1122 2056 1288 2140 Philippi,

186 2151 207 2180 ¹⁰
235 2150 275 2180 ‘⁰¹'
336 2159 434 2223 ducis
462 2158 613 2235 Suaviae,
643 2164 678 2222 et
702 2158 848 2222 aliorum
877 2158 1041 2235 omnium,
1069 2151 1193 2232 ¹Otho‚
1223 2177 1286 2222 rex

336 2258 621 2335 Alamannorum,
649 2259 693 2321 ab
723 2257 929 2322 Innocentio
954 2277 1047 2341 papa
1063 2265 1098 2322 et
1117 2257 1288 2322 Romanis

335 2359 494 2423 omnihus
519 2357 652 2423 electus
674 2365 729 2422 est
753 2365 789 2422 et
816 2358 861 2422 ad
884 2357 1080 2422 Romanum
1107 2358 1287 2440 imperium

337 2459 520 2524 admissus,
573 2458 787 2523 Confirmata
818 2458 927 2540 igitur
964 2477 988 2521 a
1023 2457 1163 2521 domino
1196 2477 1290 2540 papa

337 2558 516 2636 electione,
534 2558 730 2641 Philippus,
750 2557 821 2621 dux
843 2557 995 2634 Suaviae,
1011 2559 1288 2622 excommunica·

337 2665 394 2721 tus
414 2666 467 2723 est
489 2666 525 2723 et
542 2678 661 2722 omnes
681 2657 835 2721 fautores
862 2657 950 2740 ejuS,
972 2656 1039 2720 nisi
1065 2658 1109 2721 ab
1135 2656 1287 2722 Othonis

336 2759 575 2840 persecutione
609 2757 803 2836 desi'stant3
835 2757 872 2821 in
906 2756 1070 2839 capitolio
1103 2763 1218 2821 autem
1251 2764 1288 2820 et

336 2877 398 2939 per
420 2865 531 2923 totam
552 2859 671 2922 urbem
694 2856 924 2920 declamatum
945 2863 1011 2933 est,
1028 2855 1161 2921 ‘Vivat
1175 2864 1211 2920 et
1227 2875 1290 2920 va-

336 2957 408 3023 leat
424 2958 612 3040 imperator
631 2956 749 3021 otho:
793 2956 893 3020 Tunc
913 2957 957 3020 ab
983 2957 1142 3020 omnihus
1161 2957 1287 3022 confir·

336 3064 467 3134 matus,
485 3057 530 3120 ad
549 3058 747 3121 memoriam
772 3075 950 3134 revocans,
974 3055 1066 3138 quod
1086 3076 1149 3139 per
1171 3076 1288 3138 regem

339 3155 551 3236 Richardum
567 3156 611 3220 ad
624 3163 761 3221 tantum
780 3155 894 3221 suerat
915 3157 1094 3238 promotus
1112 3155 1287 3232 honorem,

338 3255 412 3337 regi
434 3255 457 3318 J
460 3255 588 3320 ohanni
615 3256 835 3338 significavit,
862 3264 901 3320 ut
924 3257 1000 3339 ipse
1029 3254 1183 3320 differret
1208 3275 1287 3320 cnm

337 3373 419 3438 rege
452 3356 664 3420 Francorum
692 3352 923 3420 amicabiliter
948 3359 1166 3438 componere,
1194 3355 1290 3438 quia,

338 3455 416 3520 Deo
432 3455 581 3534 volente,
604 3457 732 3538 ipsein
754 3456 851 3520 brevi
872 3474 1072 3519 succursum
1095 3454 1161 3519 sibi
1183 3455 1289 3519 talem

336 3555 543 3638 providebit,
558 3556 696 3639 qualem
710 3552 921 3637 imperialem
937 3554 1038 3620 decet
1050 3555 1292 3619 celsitudinem

336 3654 526 3736 providere.

372 3852 482 3919 'Otho‚]
505 3857 548 3906 the
570 3855 672 3914 fourth;
694 3855 726 3904 he
744 3856 888 3906 wae'aster
909 3857 952 3906 the
970 3858 1049 3906 battle
1071 3856 1100 3906 ot*
1118 3857 1238 3919 Borinee,
1259 3858 1287 3905 in

334 3929 378 3974 not
394 3927 523 3989 generally
533 3925 735 3988 acknowledged
751 3940 798 3974 un·
824 3929 897 3989 1214,
915 3927 965 3976 and
982 3927 1042 3976 died
1058 3929 1086 3975 in
1101 3928 1286 3977 retirement-in

333 3995 364 4044 til
374 3995 416 4044 the
427 3996 503 4044 death
520 3997 550 4046 of
564 3995 661 4057 Philip,
678 3996 704 4044 in
722 3999 797 4045 1208.
824 3996 976 4046 Brunswick
987 3998 1013 4046 in
1025 4000 1099 4047 1218.

334 4065 376 4114 lle
387 4080 442 4115 wau
456 4066 546 4116 driven
563 4066 625 4115 from
643 4066 685 4114 the
702 4067 796 4126 empire
