2858 4876
347 392 412 456 168
602 409 737 456 uocum
760 409 808 455 nu
831 408 1038 456 wnuoovuu

184 583 239 622 nu.
251 585 308 622 1202.
346 566 457 631 fracto
482 575 620 649 stagno,
639 586 702 649 per
720 567 885 648 impetum
913 583 1082 647 aquarum
1110 563 1297 628 maximam

346 687 521 732 murorum
543 676 689 750 partem,
714 685 785 748 qua
801 665 886 730 villa
907 665 1123 746 cingebatur,
1144 673 1298 746 prostra-

345 768 418 847 vit3
441 768 533 831 uude
554 767 766 850 fugientibus
788 765 935 842 cunctis,
956 765 1017 846 qui
1039 765 1075 828 iu
1091 764 1184 828 villae
1206 786 1296 848 prae·

344 867 433 932 sidio
460 877 561 932 erant
588 867 781 944 constituti,
805 867 880 929 sine
907 865 1001 930 omni
1024 865 1296 931 contradictione

343 988 408 1032 rex
429 968 642 1032 Francorum
663 967 781 1031 villam
803 965 949 1030 intravit
970 973 1006 1030 et
1028 984 1105 1029 eam
1129 966 1296 1050 subjuga-

343 1069 407 1132 vit.
460 1069 705 1150 Reversusque
722 1066 879 1131 Parisios
902 1063 1095 1131 Artburum
1117 1067 1182 1130 sub
1204 1074 1295 1132 tuto

345 1168 441 1232 ribus
468 1168 662 1251 deputavit,
688 1167 829 1232 trudeus
853 1166 884 1230 ei
907 1167 1035 1231 milites
1061 1166 1229 1231 ducentos
1251 1167 1294 1232 de

344 1288 452 1350 regno
481 1269 706 1346 Francorum,
732 1268 792 1351 qui
823 1286 901 1330 cum
923 1267 984 1331 illo
1009 1267 1181 1331 hostiliter
1203 1268 1294 1333 irent

344 1369 380 1431 in
403 1368 607 1446 Pictaviam,
638 1376 678 1433 ut
702 1367 835 1433 bellicis
860 1366 1113 1432 incursionibus
1135 1368 1293 1450 regiones

344 1467 422 1532 illas
440 1467 595 1534 Arthuro
608 1469 847 1554 subjugarent.
900 1466 977 1532 Illis
994 1475 1110 1532 autem
1126 1487 1295 1551 pomposo

344 1569 493 1633 tumultu
519 1569 831 1653 progredientibus,
853 1568 1051 1634 nuntiatum
1076 1575 1130 1632 est
1156 1569 1218 1646 eis,
1241 1589 1294 1633 re-

344 1669 461 1750 ginam
483 1669 628 1735 Alienor
648 1671 684 1734 in
706 1669 863 1746 castello,
884 1669 977 1751 quod
1001 1668 1218 1733 Mirebellum
1241 1670 1293 1734 di·

343 1769 445 1848 citur,
469 1789 657 1852 paucorum
684 1773 847 1852 stipatam
875 1769 1037 1851 praesidio
1066 1771 1290 1850 commorari;

343 1871 404 1950 qni
431 1872 605 1934 communi
635 1872 787 1936 omnium
817 1869 1064 1934 deliberatione
1086 1869 1213 1934 furoris
1237 1872 1291 1934 sui

343 1970 507 2052 impetum
535 1971 617 2036 illuc
642 1977 883 2035 convertentes
905 1970 1087 2034 castellum
1114 1970 1291 2036 obsidIone

344 2070 574 2149 vallaverunt,
607 2072 712 2156 quod,
738 2071 834 2135 nullo
859 2070 1077 2134 defensorum
1103 2071 1290 2136 munimine

342 2171 539 2249 resistente,
565 2172 609 2236 ad
634 2172 842 2236 deditionem
873 2171 1131 2253 compulerunt;
1160 2179 1290 2236 turrem

342 2289 437 2349 vero,
454 2273 490 2335 in
507 2291 577 2355 qua
592 2270 736 2336 Alienor
751 2271 871 2354 regina
896 2291 974 2335 cum
1000 2271 1121 2353 paucis
1145 2273 1289 2337 armatis

341 2389 417 2434 sese
432 2380 622 2455 receperat,
637 2392 705 2436 non
722 2378 884 2454 poterant
897 2372 1063 2436 obtinere.
1101 2372 1290 2439 Obsidione

341 2470 448 2550 igitur
463 2473 499 2535 in
522 2473 639 2536 orbem
662 2474 768 2536 turris
790 2471 972 2554 disposita,
995 2480 1164 2537 venerunt
1180 2473 1228 2536 ibi
1252 2474 1288 2537 in

340 2571 510 2635 auxilium
535 2571 681 2637 Arthuri
711 2590 830 2635 omnes
857 2570 1026 2636 Pictaviae
1058 2573 1224 2654 primates
1253 2581 1287 2638 et

340 2670 466 2734 milites
495 2672 693 2748 nobiliores,
716 2679 751 2736 et
781 2672 955 2754 praecipue
981 2691 1097 2736 comes
1122 2673 1165 2736 de
1191 2671 1287 2738 Mar-

339 2767 418 2833 chia
447 2769 567 2852 Hugo,
595 2780 826 2853 cognomento
853 2772 1005 2849 Brunus,
1031 2773 1091 2854 qui
1110 2773 1184 2856 regi
1213 2772 1287 2838 An·

339 2867 473 2948 glorum
507 2871 666 2953 publicus
695 2880 771 2937 erat
807 2872 967 2936 inimicus
994 2879 1136 2956 propter
1170 2873 1287 2938 Isabel

339 2969 507 3049 reginam,
529 2990 634 3053 quam
663 2973 753 3037 idem
774 2992 888 3036 comes
912 2993 974 3056 per
998 2974 1105 3037 verbu
1128 2972 1171 3037 de
1198 2993 1285 3056 prae-

338 3069 429 3130 senti
454 3070 489 3133 in
512 3091 610 3135 suam
639 3082 816 3156 receperat
842 3080 1028 3155 antequam
1055 3074 1128 3155 regi
1153 3072 1287 3156 Anglo-

254 3218 256 3222 .
337 3186 411 3229 rum
441 3170 728 3254 desponsaretur3
762 3180 798 3237 et
825 3174 875 3237 sic
904 3173 1069 3254 grandem
1095 3174 1284 3239 exercitum

336 3268 568 3350 confecerunt,
587 3293 649 3336 uec
675 3279 899 3337 cessaverunt
922 3273 1074 3338 insultus
1100 3275 1285 3339 acerrimos

335 3366 459 3447 facere,
492 3378 531 3436 nt
560 3374 766 3455 quantocius
791 3373 988 3448 desiderata
1015 3374 1162 3439 victoria
1193 3375 1284 3459 poti-

334 3474 462 3532 rentur.

424 3638 474 3703 Da
488 3641 681 3708 admiranda
698 3645 831 3710 uictoria
848 3647 927 3732 repis
939 3647 1096 3714 Jotauuu
1108 3648 1198 3734 opud

701 3743 908 3810 Mil-omium.

168 3871 284 3965 mm
390 3863 529 3947 Regina
556 3870 698 3933 veroin
725 3877 822 3934 arcto
851 3872 1043 3938 constituta
1068 3875 1209 3940 nuntios
1236 3878 1281 3941 ad

330 3980 459 4044 regem,
473 3966 532 4047 qui
549 3974 631 4031 tunc
646 3971 813 4051 temporis
828 3970 863 4033 in
879 3971 1095 4039 Normannia
1111 3982 1198 4054 erat,
1216 3979 1280 4041 sub

329 4062 505 4129 celeritate
525 4066 663 4146 direxit,
686 4089 815 4151 rogans
840 4072 1002 4137 obnixius
1028 4081 1064 4139 et
1086 4075 1279 4155 obtestans,

330 4168 369 4225 ut
394 4163 534 4244 pietatis
557 4170 700 4234 obtentu
728 4171 830 4235 matri
853 4182 1069 4240 succurreret
1089 4174 1278 4259 desolatae;
