2858 4876
444 405 585 454 unours
608 404 877 455 ursromuuuu.
1069 391 1134 456 251

186 557 284 624 nohis
303 560 469 626 debuerat
487 559 651 643 impendi,
673 559 735 624 sed
757 567 881 641 postea
902 560 1001 626 nobis
1018 562 1137 627 debita
1149 580 1205 620 an.
1216 580 1273 620 rra.

147 743 149 746 Ι
186 679 251 742 pro
275 661 417 726 servitio
446 660 720 743 recompensatio
748 661 931 727 tribuetur.
994 662 1138 727 Statim·

187 779 255 842 que
269 779 401 836 omnes,
414 780 502 844 quos
515 761 720 837 detinemus,
737 761 880 826 clericos
893 761 1058 826 faciemus
1074 764 1136 827 ah-

186 859 320 924 solutos
338 860 466 926 dimitti
487 880 528 926 ac
544 860 682 926 restitui
704 859 853 943 propriae
871 861 1037 940 libertati,
1057 882 1136 926 cum

186 957 285 1025 laicis
319 960 380 1043 qui
413 960 520 1045 hujus
552 960 733 1025 occasione
768 962 900 1042 negotii
927 962 1135 1027 detinentur.

187 1057 424 1125 incontinenti
452 1080 591 1144 quoque
617 1067 699 1143 post
719 1061 908 1125 adventum
940 1062 1045 1139 illius,
1076 1063 1137 1145 qui

187 1178 250 1223 nos
274 1159 377 1225 debet
398 1161 590 1238 absolvere,
615 1160 781 1226 faciemus
805 1160 848 1224 de
869 1167 969 1243 parte
996 1162 1137 1227 restitu-

188 1259 291 1324 tionis
316 1260 510 1327 ahlatorum
537 1267 617 1325 octo
639 1260 749 1324 millia
777 1260 943 1324 librarum
971 1261 1136 1344 legalium

187 1360 452 1444 usterlingorum
483 1381 547 1444 pro
577 1360 752 1426 solvendis
787 1360 911 1425 debitis
943 1367 979 1426 et
1005 1361 1134 1426 sacien-

186 1459 240 1524 dis
265 1462 428 1543 expensis
455 1460 585 1524 nuntiis
614 1459 858 1543 praedictorum
887 1460 1137 1545 archiepiscopi

187 1565 223 1624 ot
245 1560 484 1643 episcoporum
509 1566 545 1625 ot
566 1559 812 1625 monachorum
835 1558 1136 1626 Cantuariensium

187 1659 370 1742 assignari,
390 1661 467 1724 sino
492 1659 737 1745 impedimfflto
762 1659 917 1741 quolibet
937 1680 1000 1743 per
1021 1669 1136 1743 potes·

187 1765 296 1823 tatem
325 1767 480 1825 nostram
508 1761 553 1824 ad
582 1778 641 1824 eos
667 1759 774 1824 libere
800 1759 1073 1839 deferendorum,
1096 1769 1136 1826 ut

187 1859 343 1942 expediti
359 1860 503 1925 veniant
519 1861 556 1924 in
571 1858 738 1941 Angliam
757 1858 945 1925 honorifice
963 1862 1133 1942 revocati;

185 1958 348 2024 videlicet
373 1959 561 2044 Stephano,
588 1959 832 2024 Cantuariensi
863 1960 1134 2044 archiepiscopo,

186 2057 256 2122 duo
278 2059 387 2124 millia
413 2067 448 2125 et
469 2059 677 2142 quingentas
702 2059 820 2133 libras,
843 2059 1019 2124 Willelmo
1040 2059 1134 2125 Lon·

184 2158 319 2222 dinensi
335 2161 573 2244 septingentas
591 2166 626 2224 et
642 2159 895 2242 quinquaginta
910 2160 1028 2238 libras,
1045 2159 1134 2225 Eus-

186 2258 302 2323 tachio
332 2259 463 2324 Eliensi
489 2260 728 2343 septingentas
752 2266 788 2323 et
812 2260 1065 2343 quinquaginta
1090 2261 1132 2324 li·

185 2359 279 2437 hras,
293 2358 317 2423 J
319 2361 453 2424 oceliuo
478 2360 705 2425 Bathouiensi
722 2359 961 2442 septingentas
982 2367 1018 2424 et
1034 2359 1132 2442 quiu-

183 2458 352 2542 quaginta
382 2460 501 2538 libras,
540 2459 701 2524 Huberto
736 2459 971 2524 Lincolniensi
1002 2461 1130 2543 septin-

183 2567 309 2640 gentas
331 2566 368 2625 et
390 2561 644 2644 quinquaginta
672 2560 791 2636 libras,
816 2559 922 2641 priori
952 2567 988 2624 et
1010 2579 1131 2624 mona-

184 2658 258 2722 chis
284 2659 593 2725 Cantuarieusihns
621 2660 715 2724 mille
743 2660 875 2739 libras;
903 2666 950 2737 et,
975 2660 1134 2743 protinus

183 2765 369 2842 postquam
391 2779 511 2842 pacem
532 2761 629 2824 illam
651 2759 852 2823 duxerimus
874 2760 1133 2843 acceptandam,

183 2861 355 2940 assignari
386 2859 551 2924 faciemus
582 2863 714 2943 absque
746 2878 844 2923 mora
873 2859 1132 2944 archiepiscopo

183 2967 220 3023 et
248 2960 430 3043 episcopio,
464 2960 596 3025 clericis
628 2959 850 3025 aeccclesiis
881 2961 1064 3036 universis,
1096 2961 1163 3024 in·

183 3060 343 3124 manibus
373 3060 573 3124 nuntiorum
594 3060 651 3126 vel
676 3065 939 3143 procuratorum
965 3059 1132 3142 ipsorum,

184 3159 324 3224 mobilia
339 3161 455 3224 omnia
472 3179 549 3224 cum
568 3159 865 3223 administratione
881 3159 997 3223 libera¹
1008 3179 1131 3224 eorun-

185 3260 275 3337 dem,
295 3268 330 3324 et
349 3260 386 3324 in
408 3279 495 3345 pace
515 3260 653 3324 dimitti.
707 3258 936 3323 Interdictum
953 3278 1048 3337 vero,
1063 3260 1131 3325 Ut·

183 3359 317 3442 lagatio
350 3360 543 3442 vulgariter
577 3366 826 3442 nuncupatum,
860 3359 953 3440 quod
984 3360 1131 3442 proponi

183 3459 327 3524 fecimus
358 3467 480 3525 contra
508 3459 759 3524 ecclesiasticas
786 3478 965 3540 personas,
994 3460 1132 3542 publice

183 3560 434 3637 revocabimus,
461 3560 685 3644 protestando
716 3578 778 3642 per
806 3566 943 3623 nostras
970 3566 1130 3642 patentes

182 3659 315 3737 literas,
337 3660 596 3743 archiepiscopo
616 3658 829 3736 tribuendas,
850 3659 885 3725 id
907 3659 951 3722 ad
974 3679 1037 3723 nos
1055 3661 1131 3723 nul-

183 3759 320 3825 latenus
343 3761 527 3844 pertinere,
549 3760 711 3844 quodque
728 3757 813 3822 illud
833 3758 876 3821 de
899 3765 1026 3823 oaetero
1050 3778 1132 3823 con-

183 3865 240 3925 tra
265 3861 517 3926 ecclesiasticas
545 3878 711 3944 personas
738 3858 936 3922 nullatenus
967 3858 1133 3925 iaciemus

182 3962 350 4044 proponi;
380 3967 581 4026 revocantes
603 3967 772 4043 praeterea
795 3958 1045 4049 utlagationem
1069 3957 1133 4022 lai-

182 4079 302 4125 corum
324 4061 368 4125 ad
393 4059 459 4125 hoc
483 4059 656 4142 negotium
680 4058 937 4142 pertinentium,
960 4065 995 4121 et
1015 4058 1132 4121 remit-

183 4167 295 4226 tentes
327 4161 442 4226 omnia
472 4180 551 4242 quae
584 4167 663 4242 post
692 4158 910 4222 interdictum
942 4158 1132 4241 recepimus
