2858 4876
162 576 216 651 μ).
230 578 286 616 1206.

163 2682 224 2722 Final

163 2739 262 2771 sentence
271 2731 295 2771 or

163 2783 267 2822 innocent

163 2833 282 2921 {tristis

162 2932 237 2981 bislrop
246 2933 270 2971 ol

163 2983 299 3032 canternury.

325 386 390 450 188
582 402 717 450 noonnr
742 401 789 447 nn
812 398 1019 448 wunnovnn

325 559 477 622 lustrans
511 578 673 640 magnam
700 558 855 640 pecuniae
888 577 1057 622 summam
1087 557 1277 640 congessit,

326 666 362 725 et
384 659 523 722 tandem
556 659 649 741 apud
665 658 878 741 *Radingum
915 658 950 721 in
984 658 1136 722 crastino
1166 658 1279 722 sancti

326 758 432 822 Lucae
467 759 692 840 evangelistae
728 758 912 832 concilium
945 758 1162 838 celebravit3
1207 778 1278 840 quo

325 858 430 937 facto,
456 859 639 923 sarcinulis
670 877 748 922 cum
778 877 903 940 magna
932 858 1071 922 cautela
1099 858 1277 940 dispositis
1357 910 1360 914 .

326 966 361 1025 et
394 960 580 1042 prudenter
611 959 871 1049 commendatis,
906 957 1051 1023 festinus
1083 959 1198 1023 viator
1232 959 1277 1023 ad

325 1078 419 1129 mare
440 1119 441 1123 ,
464 1060 667 1142 perveniens
704 1057 869 1142 Angliam
903 1077 924 1122 a
956 1065 1055 1140 tergo
1094 1057 1276 1125 salutavit.
1362 1115 1371 1123 .

326 1157 455 1222 Eodem
479 1168 632 1243 tempore
653 1158 719 1223 viri
744 1156 908 1241 religiosi
921 1157 964 1221 de
984 1158 1142 1242 partibus
1165 1165 1278 1223 trans-

325 1259 478 1338 marinis,
500 1258 591 1323 inter
613 1278 712 1341 reges
735 1260 798 1342 pro
824 1278 909 1341 pace
933 1257 1152 1322 reformanda
1178 1258 1276 1323 solli·

325 1359 393 1423 cite
413 1359 659 1437 discurrentes
679 1358 715 1421 in
736 1357 926 1423 festivitate
949 1353 1119 1422 Omnium
1136 1352 1276 1424 sancto-

326 1479 402 1542 rum
425 1453 617 1524 ¹biennales
647 1459 803 1522 inducias
829 1455 1081 1542 impetrarunt3
1120 1479 1183 1524 rex
1213 1459 1278 1541 igi-

326 1566 383 1623 tur
401 1558 425 1623 J
428 1557 580 1623 ohannes
603 1578 762 1623 reversus
781 1559 818 1622 in
837 1557 1000 1641 Angliam
1023 1558 1114 1641 apud
1136 1558 1279 1624 Portos·

324 1656 443 1722 muthe
461 1660 629 1742 applicuit
647 1659 757 1742 pridie
777 1657 855 1723 idus
878 1657 1091 1722 Decembris.
1144 1652 1277 1723 Eodem

325 1777 418 1822 anno
434 1759 642 1838 Willelmus,
663 1758 915 1824 Lincolniensis
938 1758 1133 1841 episcopus
1153 1759 1276 1841 vigilia

326 1857 548 1923 Ascensionis
567 1861 660 1924 viam
677 1860 848 1924 universae
869 1859 982 1923 carnis
1002 1859 1179 1941 ingressus
1201 1868 1275 1941 est3

325 1978 395 2040 quo
425 1960 529 2023 etiam
561 1980 652 2024 anno
685 1953 883 2024 ²Jooelinus
914 1957 1102 2024 Wellensis
1137 1967 1276 2024 creatus

325 2058 507 2141 episcopus
532 2058 776 2123 Bathoniensis
803 2079 865 2141 per
892 2057 1119 2123 ministerium
1142 2059 1277 2125 Willel-

325 2160 384 2237 mi,
409 2158 660 2225 Londoniensis
678 2158 843 2243 episcopi,
861 2178 986 2224 munus
1006 2158 1276 2226 consecrationis

324 2260 487 2343 suscepit.

364 2435 524 2502 Sententia
539 2436 700 2523 definitive
714 2437 888 2502 Innocentic'
897 2459 993 2523 pope
1001 2458 1065 2524 pro
1079 2438 1235 2504 moechis

607 2538 842 2603 Ooctueriensis
856 2537 1034 2602 molesia·
1158 2554 1161 2559 ·
1292 2544 1294 2547 ’

377 2661 479 2726 Circa
495 2663 567 2727 dies
588 2664 674 2728 istos
692 2682 784 2747 papa
801 2659 1026 2728 Innocentius
1048 2663 1275 2746 suffraganeis

326 2760 587 2826 cantuariensis
605 2764 760 2827 ecclesiae
776 2762 947 2846 episcopis
967 2758 1174 2827 sententiam
1192 2752 1276 2827 defi-

324 2861 469 2936 nitivam
493 2864 558 2926 sub
580 2863 645 2927 hac
664 2863 775 2928 forma
792 2863 939 2943 direxit3
963 2861 1145 2947 ‘Majores
1165 2864 1275 2928 eccle·

325 2961 387 3025 siae
411 2982 534 3027 causas
556 2963 600 3027 ad
622 2963 738 3027 sedem
760 2963 987 3048 apostolicam
1009 2962 1217 3041 referendas,
1240 2973 1277 3029 et

326 3063 491 3127 canonica
516 3064 624 3129 tradit
645 3065 834 3129 auctoritas
857 3071 893 3128 et
914 3064 1108 3147 approbata
1131 3084 1276 3128 consue-

326 3163 411 3226 tudo
427 3163 593 3247 declarat.
645 3164 733 3229 Cum
758 3165 867 3247 igitur
888 3163 1058 3228 intervos
1079 3171 1115 3228 et
1130 3163 1275 3229 dilectos

326 3261 585 3342 filios'nostros,
612 3265 760 3347 priorem
784 3272 820 3329 et
837 3263 1025 3327 monachos
1044 3262 1274 3329 cantuarien-

325 3363 372 3425 sis
386 3364 551 3442 ecclesiae,
569 3383 672 3446 super
681 3365 761 3448 jure
776 3363 869 3427 illius
883 3362 1132 3446 archiepiscopi
1147 3365 1275 3446 eligen-

325 3462 360 3524 di
383 3464 616 3528 controversia
637 3471 848 3540 verteretur3
873 3461 1143 3545 proponentibus
1162 3466 1275 3545 nobie,

325 3562 431 3644 quod,
442 3572 515 3627 tum
530 3583 575 3627 ex
587 3564 667 3648 jure
683 3564 866 3641 communi,
883 3569 955 3626 tum
972 3582 1017 3626 ex
1035 3564 1179 3646 antiqua
1193 3584 1276 3629 con-

324 3663 517 3741 suetudine,
540 3683 708 3728 unacum
733 3664 802 3727 illis
826 3663 958 3727 debetis
977 3663 1085 3746 ipsius
1108 3664 1274 3748 archiepi-

361 3843 507 3898 ¹Bienoclec
514 3842 646 3916 induciae]
653 3849 786 3898 Theterms
811 3846 906 3896 ceeded
917 3847 1064 3911 severinus,
1071 3849 1159 3900 whose
1170 3851 1275 3914 epitaph

325 3917 354 3966 of
370 3917 412 3965 the
428 3922 499 3967 truce
517 3933 560 3967 are
582 3918 683 3980 printed
700 3920 727 3968 in
744 3919 786 3968 the
810 3919 834 3966 is
845 3917 904 3966 thus
916 3919 990 3980 given
1001 3920 1035 3980 by
1047 3919 1222 3982 Coggeshale:

325 3987 387 4037 Rec.
402 3986 448 4036 des
465 3989 535 4038 Hist.
554 3990 617 4039 xvii.
634 4006 660 4052 p.
677 3994 719 4054 6⁰,
735 3988 785 4039 and
810 3987 913 4037 ‘Notus
926 4002 982 4038 eras
999 3989 1102 4052 mundo,
1121 4010 1129 4025 ·
1148 4004 1194 4051 per
1205 4005 1277 4040 mun·

324 4057 494 4120 Ryme1·,new
506 4059 568 4109 edit.
580 4076 606 4122 p.
618 4064 658 4111 95.
880 4058 942 4106 durn
953 4073 1052 4121 semper
1062 4057 1155 4123 eundo,

828 4127 861 4176 Et
885 4128 955 4177 necis
981 4129 1031 4179 ista
1059 4129 1115 4178 dies
1135 4152 1142 4167 ·
1161 4133 1201 4179 est
1229 4131 1276 4181 tibi

358 4188 498 4243 ²decelinus
509 4194 659 4258 Wedcneic]
676 4195 718 4245 He
728 4209 784 4246 suc·
880 4198 961 4260 prima
973 4194 1133 4261 quies.’—P.
1146 4199 1202 4249 lot.
