2858 4876
334 392 401 458 aba
591 408 725 456 uocaui
749 408 797 456 na
820 406 1031 457 wauuovsa

172 580 243 681 ffi-
240 582 297 672 ¹⁶²2}
334 567 444 631 donec
460 572 692 651 pervenerunt
709 566 752 630 ad
774 567 901 632 atrium
903 567 1020 650 ,quod
1041 557 1117 631 erat
1131 562 1168 629 iu
1185 575 1286 650 parte

173 682 229 722 aas
228 682 275 725 affl
334 667 539 733 occidentali
565 667 685 751 templi
714 667 871 750 praediati
895 666 988 751 quod
1015 667 1120 731 situm
1146 674 1220 731 erat
1247 668 1284 730 in

333 775 474 846 monte;
508 774 651 852 eratque
677 768 725 832 ibi
752 775 855 850 porta
880 766 1041 850 quaedam
1066 767 1224 850 speciosa
1249 775 1285 833 et

333 868 451 951 ampla
471 887 606 951 semper
626 874 761 950 pateus,
779 888 842 952 per
856 886 961 953 quam
979 867 1286 932 introducebantur

333 987 356 1033 a
374 977 496 1034 sancto
511 967 685 1033 Michaele
704 969 831 1033 animae
848 987 894 1032 ex
915 974 991 1033 toto
1011 968 1225 1047 candidatae3
1247 969 1284 1032 in

333 1067 398 1133 boc
420 1070 510 1133 euim
532 1069 621 1134 atrio
644 1070 948 1151 congregabantur
970 1067 1094 1132 animae
1119 1069 1283 1151 expiatae,

332 1170 397 1232 sub
426 1188 554 1251 magno
583 1169 854 1254 exspectationis
881 1167 1051 1232 desiderio
1080 1167 1215 1233 felicem
1243 1169 1288 1232 il-

332 1267 401 1334 lius
422 1269 603 1334 introitum
627 1269 856 1352 postulantes.
907 1268 953 1333 In
978 1267 1123 1335 australi
1144 1286 1285 1353 quoque

331 1369 438 1451 plaga
455 1370 575 1453 templi
594 1369 749 1434 exterius
768 1369 947 1452 perspexit
967 1368 1111 1433 ednotus
1129 1368 1187 1433 ille
1207 1371 1284 1434 aui·

331 1489 407 1533 mas
423 1470 589 1547 infinitas,
609 1489 688 1553 quae
707 1488 837 1548 omnes,
852 1468 964 1534 versis
982 1468 1136 1536 vultibus
1157 1468 1202 1533 ad
1221 1470 1284 1535 ba-

331 1569 477 1649 silicam,
506 1589 583 1634 cum
613 1588 750 1652 magnae
780 1567 995 1651 fatigationis
1017 1569 1282 1653 exspectatione

330 1669 496 1752 suffragia
514 1670 706 1734 viventium
729 1669 972 1734 desiderabant
995 1669 1196 1748 amicorum,
1219 1691 1284 1755 par

331 1789 409 1851 quae
435 1769 588 1834 basilicae
614 1769 707 1835 illius
736 1769 880 1853 adipisci
905 1769 1083 1833 introitum
1110 1789 1280 1835 mereren-

331 1875 400 1948 tur,
422 1877 469 1948 et,
491 1876 624 1955 quanto
645 1868 828 1952 specialius
846 1869 1075 1954 juvabantur,
1098 1877 1195 1934 tanto
1220 1872 1283 1935 ba-

330 1969 440 2035 silicae
459 1971 604 2036 vicinius
629 1962 889 2050 ¹adhaerebant3
913 1970 950 2034 iu
972 1969 1039 2034 hoo
1057 1970 1135 2035 loco
1152 1969 1280 2036 multos

330 2069 374 2135 de
396 2071 488 2137 notis
507 2071 579 2135 suis
598 2070 814 2154 recognovit,
837 2086 970 2135 necnon
992 2076 1028 2134 et
1045 2089 1164 2135 omnes
1188 2070 1279 2150 illos,

330 2191 477 2254 quorum
499 2169 659 2236 notitiam
680 2171 716 2234 iu
736 2170 854 2235 seculo
876 2170 1046 2235 habuerat
1064 2170 1120 2236 vel
1140 2170 1278 2236 exilem.

331 2270 479 2335 Sanctus
492 2291 575 2337 vero
595 2270 748 2336 Michael
761 2270 805 2336 de
818 2271 965 2353 singulis
981 2271 1174 2349 animabus,
1191 2290 1280 2354 quas

330 2371 379 2435 ibi
398 2372 560 2435 cernebat
581 2371 636 2435 vir
657 2371 716 2435 ille
737 2370 895 2449 eductus,
915 2371 1100 2435 intimabat
1121 2371 1173 2435 illi
1194 2380 1280 2455 quot
1312 2377 1317 2389 '

331 2472 513 2535 missarum
542 2490 759 2555 unaquaeque
789 2473 905 2535 anima
933 2471 1047 2554 potuit
1076 2471 1214 2536 liberari
1244 2480 1280 2537 et

331 2570 376 2636 ad
404 2572 524 2655 templi
547 2572 743 2653 ingressum
769 2570 918 2636 admitti.
968 2568 1106 2636 Animae
1129 2589 1279 2655 quoque,

330 2691 409 2754 quae
432 2672 558 2736 ibidem
581 2672 830 2754 exspectabant
855 2671 1063 2753 ingressum,
1084 2672 1181 2736 nulla
1204 2692 1280 2755 poe-

330 2772 475 2837 ualitate
499 2769 747 2849 afficiebantur,
780 2770 847 2836 nisi
873 2770 966 2854 quod
988 2771 1285 2854 praestolabantur·¹

329 2872 470 2954 aliquod
489 2871 639 2955 speciale
661 2870 863 2954 suffragium
883 2871 1095 2952 amicorum;
1117 2881 1281 2938 verunta-

328 2991 408 3035 men
437 2990 557 3040 omnes
589 2970 828 3054 animaequae
858 2971 908 3036 ibi
940 2969 1187 3050 subsistebant,
1216 2992 1285 3056 per.

329 3070 505 3153 generalia
534 3071 740 3137 universalis
769 3071 924 3137 ecclesiae
956 3071 1123 3154 suffragia
1149 3071 1193 3138 de
1222 3072 1279 3137 die

328 3172 365 3235 in
381 3171 470 3236 diem
487 3171 532 3234 ad
546 3171 699 3236 busilicae
715 3171 897 3236 introitum
911 3172 1204 3255 appropinquant.
1306 3236 1315 3257 Ι,

415 3345 466 3410 De
480 3343 613 3414 diuersis
626 3341 835 3411 mamanibus
844 3340 986 3430 *basilice
1000 3351 1183 3409 memorata.

379 3469 445 3534 Vir
465 3475 582 3533 autem
597 3468 656 3533 ille
677 3487 699 3532 a
720 3474 842 3532 sancto
866 3465 1038 3533 Micbaale
1058 3465 1284 3532 introductus.

326 3569 364 3633 in
385 3568 551 3653 templum
573 3568 755 3651 conspexit
776 3567 824 3630 ibi
845 3566 973 3630 multos
996 3566 1176 3654 utriusque
1197 3587 1278 3631 sex-

327 3688 382 3747 us,
401 3688 488 3752 quos
515 3669 552 3732 in
576 3667 693 3733 seculo
713 3666 860 3744 viderat,
880 3664 1056 3745 candidos,
1076 3667 1136 3748 qui
1156 3680 1277 3732 omnes

327 3769 493 3852 templum
535 3767 811 3832 conscendebant
853 3771 889 3830 et
928 3784 1065 3846 magnae
1100 3765 1304 3851 felicitatis¹

321 3868 455 3957 ⁸gaudio
474 3867 696 3948 fruebantur3
721 3874 765 3945 et,
786 3873 917 3949 quanto
936 3865 1050 3947 magis
1066 3885 1128 3949 per
1147 3867 1276 3949 gradus

520 4142 524 4149 ,
539 4084 741 4159 Malandara]
758 4091 766 4119 ‘
779 4085 941 4140 Atlliaerebat‘
952 4092 978 4140 in
990 4092 1046 4142 MS.
