2858 4876
411 404 551 453 amnes
574 404 844 453 meronmrruu.
1045 388 1110 453 211

162 562 277 627 alieni.
331 561 477 626 Nullum
495 582 605 645 genus
623 563 778 627 alimenti
795 582 900 646 penes
919 582 978 627 eos
1002 583 1111 646 usque
1123 582 1178 623 cn.
1190 580 1264 621 taor..

162 662 411 727 incrastinum
441 671 651 741 reservatur,
679 671 718 728 ut
743 669 930 747 paupertas
957 664 1111 748 spiritus,

163 762 223 846 qui
243 763 339 844 viget
364 764 400 827 iu
430 770 557 842 mente,
581 771 662 828 actu
691 764 782 828 sicut
805 772 839 829 et
860 763 981 827 babitu
1004 765 1112 828 omni-

162 862 227 926 bus
241 862 449 927 innotescat.

217 1036 267 1102 Dc
282 1037 450 1104 cassatione
465 1038 641 1104 abactionem
657 1038 792 1125 episcopi
805 1039 1014 1104 Norwicccsc‘e
1029 1048 1057 1103 cl

422 1139 597 1226 apportare
613 1140 855 1204 caesariense.

215 1257 333 1328 Circa¹
359 1263 432 1328 dies
457 1264 543 1329 istos
569 1271 741 1328 steterunt
765 1265 887 1330 Romae
913 1282 1029 1330 coram
1052 1265 1274 1370 doffffiffggglpgp

164 1362 257 1428 mino
278 1383 370 1448 papa
393 1365 553 1430 monachi
570 1364 830 1429 Cantuariensis
853 1364 1019 1441 ecclesiae,
1039 1372 1113 1429 tur·
1125 1372 1255 1472 pigmen

166 1483 244 1546 pem
277 1464 461 1529 admodum
492 1483 632 1529 causam
664 1463 709 1527 ad
742 1466 889 1530 invicem
919 1466 1114 1548 agitantes;
1126 1475 1256 1573 33⁶3be

166 1584 247 1627 nam
269 1564 428 1648 quaedam
450 1552 532 1648 pars
554 1584 671 1629 eorum
697 1584 759 1648 per
784 1566 902 1629 literas
925 1573 1223 1665 conventusggpred

167 1663 209 1727 de
230 1670 307 1729 rato
326 1671 625 1748 praesentaverunt
641 1664 887 1747 Reginaldum,
902 1666 1116 1750 suppriorem

169 1762 466 1842 Cantuariensem,
484 1765 574 1828 sicut
590 1765 766 1830 multoties
785 1765 949 1844 fecerant,
970 1767 1116 1830 electum

168 1864 219 1928 ad'
235 1862 580 1948 archiepiscopatum,
612 1865 798 1930 instantius
830 1865 1047 1949 postulantes
1077 1876 1116 1931 ut

168 1963 244 2048 ejus
268 1965 392 2029 electio
416 1964 699 2044 confirmaretur;
727 1966 838 2030 altera
856 1976 939 2031 'vero
956 1985 1038 2049 pars
1060 1985 1117 2030 eo-

169 2064 312 2130 rundem
328 2065 574 2130 monachorum
596 2084 657 2149 per
673 2065 793 2130 literas
809 2066 966 2130 similiter
981 2065 1024 2130 de
1040 2072 1117 2130 rato

169 2172 467 2247 presentaverunt
478 2165 503 2231 J
505 2166 689 2244 ohannem,
703 2167 902 2250 episcopum
915 2165 1117 2231 Norwicen·

170 2283 256 2342 sem,
288 2265 406 2330 multis
441 2266 632 2332 rationibus
664 2267 884 2333 ostendentes
916 2266 1117 2331 electionem

170 2364 214 2429 de
238 2365 418 2449 suppriore
442 2367 572 2431 nullam
600 2386 688 2444 esse,
717 2374 788 2430 tum
814 2367 897 2449 quia
924 2367 1018 2432 facta
1043 2376 1119 2431 erat

170 2465 213 2530 de
240 2473 342 2531 nocte
369 2474 404 2531 et
429 2468 504 2531 sine
533 2467 752 2532 solemnitate
778 2477 812 2532 et
839 2485 982 2530 assensu
1010 2468 1118 2548 regio,

171 2572 245 2629 tum
272 2565 355 2648 quia
381 2586 404 2630 a
428 2567 552 2650 majori
577 2574 612 2631 et
643 2568 772 2632 saniori
804 2574 903 2651 parte
929 2574 1119 2632 conventus

172 2685 241 2730 non
263 2665 377 2731 fuerat
398 2667 592 2748 celebrata;
616 2667 734 2749 sicque
752 2667 807 2731 bis
828 2668 1019 2732 rationibus
1042 2687 1119 2750 pro·

171 2766 307 2848 positis,
337 2768 511 2851 petierunt
542 2774 582 2831 ut
609 2767 671 2830 illa
699 2768 822 2832 electio
849 2767 1120 2844 confirmaretur,

173 2884 252 2947 quoe
272 2866 368 2931 clara
390 2867 467 2932 luce
489 2868 569 2942 diei,
592 2887 673 2948 rege
697 2874 868 2950 praesentc
893 2874 927 2931 et
949 2868 1120 2932 consenti-

173 2973 264 3045 ente,
280 2985 358 3031 eum
372 2969 517 3032 testibus
534 2967 667 3032 idoneis
682 2969 818 3032 exstitit
834 2968 1019 3032 celebrata.
1052 2965 1121 3031 His

173 3066 302 3131 auditis
339 3074 375 3132 et
411 3067 656 3151 perspicaciter
689 3067 886 3146 intellectis,
918 3073 1123 3149 procurator

173 3167 366 3250 supprioris
396 3167 563 3250 allegavit
593 3167 779 3232 secundam
810 3167 1011 3232 electionem
1045 3167 1122 3229 irri-

173 3272 246 3330 tam
272 3286 348 3331 esse
375 3273 411 3331 et
431 3268 580 3345 inanem,
609 3268 703 3350 quia,
723 3268 984 3351 qualiscumque
1011 3267 1122 3348 prima

174 3373 266 3431 esset
287 3367 422 3443 electio,
450 3369 525 3433 sive
551 3368 650 3451 justa
682 3369 754 3432 sive
785 3367 928 3451 injusta,
958 3367 1122 3431 debuerat

173 3466 285 3548 prima
317 3468 448 3531 cassari
481 3475 666 3550 antequam
710 3468 862 3533 secunda
893 3467 1124 3531 celebraretur

174 3567 321 3647 eleoti03
354 3567 446 3631 unde
473 3575 672 3633 constanter
703 3568 914 3651 postulabat,
946 3575 983 3631 ut
1012 3568 1124 3650 prima

210 3771 219 3804 ¹
232 3774 307 3825 Circo
322 3775 375 3825 dict
385 3774 477 3839 istm]
499 3776 575 3838 Upon
585 3777 636 3825 this
661 3776 721 3825 here
737 3775 815 3824 fallen
829 3776 881 3824 into
897 3790 914 3824 a
929 3775 1031 3823 eurious
1048 3789 1125 3833 error,

176 3848 335 3907 controversy
352 3860 468 3908 compare
484 3847 593 3908 Tyrrell,
608 3847 636 3895 ii.
663 3845 711 3908 lor,
733 3846 797 3895 aiter
816 3846 951 3907 observing
972 3845 1028 3893 that
1049 3844 1125 3894 Paris

177 3930 204 3977 p.
212 3915 339 3977 78³,wh0
348 3916 472 3966 mentions
482 3916 525 3965 the
536 3916 637 3978 opinion
664 3915 715 3965 had
730 3916 886 3965 transcribed
900 3915 943 3964 the
957 3920 1055 3978 menter
1067 3919 1126 3976 part

175 3985 206 4034 ol
212 3985 356 4035 wendover
366 4000 435 4049 upon
446 3986 488 4035 the
499 3987 606 4047 validity
614 3986 643 4036 of
665 3986 694 4035 of
701 3986 843 4047 hishistory
852 3985 914 4035 from
923 3982 1126 4046 ourehronicler,

176 4055 219 4104 the
237 4055 326 4117 pope’s
348 4056 510 4114 nominatim,
529 4057 579 4105 and
597 4057 639 4105 the
666 4056 697 4105 he
709 4058 780 4119 gives
790 4071 820 4106 as
835 4056 878 4105 the
892 4056 995 4118 opinion
1009 4056 1039 4105 ol
1051 4056 1128 4104 Wen·

178 4125 365 4187 improbability
383 4126 412 4175 ol
431 4126 471 4175 his
493 4127 599 4175 relation
615 4126 644 4175 os
666 4127 743 4175 dover
754 4126 808 4175 that
820 4125 902 4175 which
913 4127 936 4175 is
948 4141 981 4174 an
992 4125 1127 4188 interpola·

176 4194 220 4244 the
249 4196 379 4259 mund„
407 4197 454 4246 but
473 4196 572 4259 Tyrrell
594 4197 642 4246 has
667 4197 719 4246 tion
730 4196 788 4258 only
799 4196 835 4257 by
846 4196 930 4246 Paris.

948 4286 989 4331 1³2
