2858 4876
153 576 209 620 Ab.
220 580 276 619 121³.

154 631 241 670 chatet
249 630 275 669 ot

154 681 228 731 Henry
237 680 256 720 1.

154 3564 248 3606 cmeade

153 3616 236 3665 minet
243 3615 279 3654 the

154 3666 286 3716 Alblgenm.

313 386 380 452 266
570 403 705 450 nocam
731 403 777 450 on
800 403 1008 453 wnuoovnn

315 562 360 625 ab
388 562 481 627 omni
509 581 612 644 opere
644 563 784 645 proprio
812 562 904 627 dono
932 581 1009 627 meo
1035 561 1200 637 concedo,
1228 567 1270 625 ut

316 663 408 726 sicut
430 670 499 727 tam
532 682 660 744 magno
692 663 892 744 gravamine
927 662 1082 726 alleviati
1108 668 1203 738 sunt,
1231 661 1270 723 in

316 763 415 844 equis
437 770 472 826 et
491 763 595 825 aruris
617 781 656 825 se
678 763 765 826 bene
786 763 972 840 instruant,
995 769 1035 826 ut
1054 762 1128 844 apti
1147 768 1183 824 et
1204 780 1269 843 pa·

316 863 385 927 rati
406 862 477 925 sint
496 862 541 925 ad
562 862 741 926 servitium
769 881 882 926 meum
909 871 944 927 et
966 861 1010 949 ad
1034 861 1269 925 defensionem

315 963 414 1042 regni
436 962 514 1026 mei.
580 961 709 1026 Pacem
730 962 864 1025 firmam
889 981 981 1045 pono
997 962 1039 1037 ‚in
1062 968 1137 1025 toto
1159 979 1269 1040 regno

315 1080 405 1137 mec,
433 1069 468 1125 et
490 1061 600 1125 teneri
628 1061 752 1125 amodo
780 1062 955 1144 praecipio.
1008 1061 1141 1142 Lagam
1174 1060 1268 1141 regis

317 1160 501 1225 Eadwardi
518 1161 617 1225 vobis
635 1160 752 1238 reddo,
769 1181 847 1224 cum
869 1160 937 1225 illis
956 1160 1268 1238 emendationibus,

316 1261 440 1342 quibus
472 1267 572 1343 pater
597 1279 693 1324 mens
717 1280 793 1325 eam
820 1261 1016 1326 emendavit
1038 1261 1181 1325 consilio
1204 1261 1267 1323 ba-

316 1380 439 1423 ronum
461 1380 614 1424 suornm.
666 1360 704 1425 Si
723 1362 801 1444 quis
822 1360 951 1443 aliquid
972 1361 1015 1424 de
1036 1380 1126 1437 meo,
1144 1359 1201 1424 vel
1223 1360 1267 1423 de

316 1460 418 1523 rebus
435 1460 595 1544 alicujus,
613 1467 693 1542 post
707 1462 839 1525 obitum
856 1461 948 1543 regis
964 1459 1131 1524 Willelmi
1147 1459 1267 1523 fratris

316 1560 384 1622 mei
405 1560 509 1642 cepit,
532 1568 644 1624 totum
669 1561 738 1625 cito
764 1559 927 1647 reddatur
953 1561 1084 1641 absque
1106 1558 1270 1622 emenda-

316 1659 436 1739 tione3
472 1667 507 1723 et
536 1660 566 1722 si
598 1660 676 1742 quis
709 1659 788 1724 iude
820 1659 950 1743 aliquid
981 1659 1175 1736 retinuerit,
1207 1659 1268 1722 ille

316 1777 421 1840 super
437 1779 540 1840 quem
559 1760 738 1824 inventum
757 1759 860 1824 fuerit
876 1761 1030 1842 graviter
1050 1758 1134 1823 mihi
1151 1778 1269 1823 emen-

314 1858 422 1922 dabit.
468 1858 631 1923 Testibus
648 1859 827 1937 Mauritio,
844 1859 1078 1924 Loudoniensi
1090 1859 1268 1942 episeopo,

315 1957 504 2034 Willelmo,
522 1959 756 2024 Wintoniensi
778 1959 901 2037 electo,
924 1959 1093 2037 Gerardo,
1118 1959 1268 2023 Herfor-

314 2057 413 2121 densi
435 2059 610 2141 episcopo,
631 2058 786 2124 Henrieo
806 2060 944 2138 comite,
967 2060 1105 2125 Simone
1128 2061 1268 2139 comite,

316 2157 474 2221 Waltero
492 2156 627 2221 Giffard
643 2159 780 2236 comite,
799 2158 955 2225 Robcrto
971 2159 1014 2223 de
1033 2159 1267 2235 Monte-forti,

317 2255 458 2338 Rogero
476 2257 602 2340 Bigod,
618 2264 653 2321 et
670 2258 748 2322 aliis
764 2259 924 2322 multis.'·
954 2259 1043 2325 Cum
1059 2269 1172 2325 autem
1190 2257 1266 2321 haec

316 2356 438 2421 charta
462 2358 615 2441 perlecta
640 2364 676 2422 et
697 2359 884 2423 baronibus
913 2361 1131 2425 audientibus
1162 2357 1266 2420 intel·

315 2456 408 2521 lecta
429 2456 563 2536 fuisset,
591 2457 704 2540 gavisi
735 2466 817 2523 sunt
845 2460 973 2540 gaudio
999 2477 1126 2539 magno
1152 2456 1266 2534 valde,

316 2564 352 2620 et
368 2556 576 2641 juraverunt
598 2577 716 2622 omnes
741 2557 778 2622 in
806 2559 992 2641 praesentia
1016 2557 1267 2639 archiepiscopi

316 2657 522 2739 saepedicti,
542 2657 646 2740 quod,
663 2658 740 2722 viso
756 2665 912 2741 tempore
932 2677 1095 2738 congrue,
1117 2676 1181 2738 pro
1199 2655 1267 2719 hiis

316 2755 547 2833 libertatibus,
568 2758 598 2820 si
620 2777 759 2821 necesse
777 2757 893 2835 fuerit,
916 2758 1139 2822 decertabunt
1157 2775 1268 2838 usque

317 2855 360 2916 ad
395 2862 566 2934 mortem3
609 2856 888 2940 archiepiscopus
919 2877 1002 2922 vero
1033 2856 1190 2940 promisit
1216 2857 1268 2919 eis

315 2953 549 3018 fidelissimum
573 2956 743 3020 auxilium
772 2976 872 3020 suum
899 2976 963 3039 pro
986 2977 1086 3039 posse
1112 2975 1188 3032 suo,
1219 2961 1267 3032 et,

316 3052 366 3116 sic
395 3053 687 3120 confoederatione
713 3056 807 3120 facta
837 3057 930 3121 inter
957 3076 1029 3134 eos,
1055 3055 1267 3138 colloquium

315 3152 467 3216 solutum
484 3162 550 3218 est.

336 3316 386 3382 De
400 3317 506 3382 heresi
518 3316 733 3404 Albipeuse‘usm
750 3330 778 3386 et
787 3322 1013 3406 predicatione
1021 3322 1117 3407 factu
1134 3331 1243 3386 eontra

764 3443 821 3486 eos.

380 3540 482 3605 Circa
513 3541 587 3606 dies
619 3542 706 3608 istos
735 3544 976 3609 haereticorum
1009 3545 1179 3628 pravitaS,
1206 3548 1268 3629 qui

316 3635 538 3722 Albigenscs¹
556 3643 787 3725 appellantur,
804 3645 840 3706 in
853 3644 1054 3722 Wasconia,
1071 3643 1270 3729 Arumpniu

316 3748 350 3804 et
367 3739 567 3822 Albegesio,
589 3743 802 3826 inpartibus
826 3743 1034 3808 Tholosanis
1057 3751 1092 3809 et
1108 3744 1268 3828 Arrago·

350 3912 553 3986 ¹Albigeneea.]
587 3919 712 3980 Amongst
733 3918 776 3968 the
802 3918 857 3981 frey
868 3919 897 3967 of
911 3920 937 3970 S.
955 3920 1105 3983 Pantaleon,
1121 3921 1172 3970 and
1189 3921 1269 3971 Jaco-

314 3987 462 4036 authorities
473 3993 499 4036 to
511 3990 542 4037 be
554 3989 684 4037 consulted
693 4003 725 4037 on
733 3989 776 4037 the
803 3990 850 4037 bus
861 3989 894 4037 de
905 3990 1027 4040 Vitru'aco.
1061 3991 1099 4040 To
1110 3991 1195 4040 which
1206 4007 1267 4054 may

314 4056 382 4106 sixth
393 4058 511 4121 crusede,
521 4073 579 4119 may
591 4060 622 4107 be
634 4059 776 4108 mentioned
802 4060 833 4107 be
860 4059 943 4109 added
969 4061 1105 4124 Vaissette,
1131 4061 1269 4120 Michaud,

314 4126 471 4189 Bernardus,
489 4128 628 4189 Abnlfeda,
654 4128 776 4191 Sabutus,
802 4129 932 4193 Langloie,
957 4130 1061 4193 Guizot,
1089 4132 1185 4195 Fuller,
1216 4134 1268 4182 and

312 4195 355 4246 the
376 4197 509 4248 Chronicle
528 4198 557 4248 of
573 4199 686 4262 Alberic,
704 4199 775 4250 God-
802 4201 883 4251 Mille.
