2858 4876
416 402 555 451 rnonns
578 401 849 450 rnsronmnun.
1041 387 1107 453 159

154 565 217 642 put
234 558 310 643 ejus
329 559 475 641 ligatum
494 560 538 623 ad
562 566 709 642 postem,
729 576 852 622 manus
870 579 953 623 vero
973 561 1049 645 ejus
1070 568 1106 625 ct
1118 583 1174 644 nn.
1186 585 1242 623 noa

155 659 260 742 pedes
286 658 365 724 hinc
391 659 471 723 inde
496 659 540 724 ad
563 659 725 742 paxillos,
779 658 986 741 Episcopus
1014 680 1106 743 aqua
1119 635 1201 733 ἓξὲξ

155 758 335 823 benedicta
352 778 374 822 a
395 778 432 823 se
451 759 556 836 lacta,
573 758 747 822 infirmum
768 758 924 840 linguam
945 761 1106 824 emitten-
1118 735 1226 825 'diffisi‘

157 865 226 922 tom
240 866 277 923 et
291 859 392 942 quasi
408 859 521 942 ipsum
538 858 749 923 deridentem
773 858 932 940 aspersit,
950 867 985 924 et
1001 880 1105 925 cvan-

156 958 283 1040 gelium
309 959 382 1023 ‘In
403 960 571 1041 principio
594 966 669 1023 erat
692 952 849 1023 verbum'
872 978 976 1041 super
1000 960 1107 1025 furio·

157 1079 233 1122 sum
253 1060 350 1142 legit,
371 1059 643 1122 benedictionem
661 1058 756 1122 dedit
772 1070 808 1121 et
824 1059 977 1124 recessit.
1024 1060 1105 1138 Quo

157 1159 349 1236 recedente,
369 1159 476 1241 coepit
492 1165 645 1240 aegrotus
667 1158 864 1234 dormitare,
881 1165 917 1222 et
934 1159 1105 1240 evigilans

157 1259 250 1323 illico
273 1258 453 1323 restitutus
478 1266 531 1323 est
552 1257 706 1341 pristinae
731 1258 885 1323 sanitati.
937 1257 1040 1323 Circa
1063 1260 1105 1323 il-

158 1359 217 1422 lud
234 1367 367 1442 tempus
384 1359 462 1441 pius
478 1357 635 1442 pontifex
653 1358 688 1421 in
706 1357 760 1421 die
781 1355 1008 1436 Parasceues,
1026 1379 1105 1424 cum

159 1467 250 1524 esset
277 1459 467 1524 lincolniae
493 1466 529 1523 et
558 1459 602 1523 ad
630 1457 795 1521 fabricam
821 1458 974 1521 matricis
999 1460 1107 1524 eccle-

159 1560 233 1636 siae,
257 1579 361 1642 quam
383 1559 545 1624 nobiliter
569 1577 591 1622 a
612 1557 844 1622 fundamentis
871 1566 1106 1638 exstruxerat,

158 1658 290 1742 lapides
314 1666 350 1724 et
372 1665 578 1723 caementum
606 1657 756 1721 humeris
788 1659 861 1721 suis
891 1659 926 1721 in
956 1661 1105 1741 quodam

160 1760 319 1842 cophino,
342 1760 433 1824 sicut
458 1759 586 1841 saepius
611 1765 849 1835 consueverat,
871 1757 987 1836 ferret,
1010 1761 1106 1825 clau·

159 1859 224 1922 dus
251 1859 393 1944 quidam
422 1879 467 1923 ex
493 1866 640 1940 utraque
666 1866 778 1940 parte,
806 1859 939 1922 duobus
966 1860 1106 1925 innixus

160 1960 306 2037 baculis,
320 1960 403 2024 totis
419 1959 609 2024 visceribus
624 1957 819 2023 desiderare
837 1960 944 2041 coepit
959 1961 1106 2025 eundem

159 2059 342 2141 cophinum
359 2059 500 2137 deleme,
522 2077 667 2141 sperans
683 2060 774 2141 quod
792 2079 854 2141 per
868 2060 992 2122 merita
1013 2062 1106 2126 beati

161 2160 225 2223 viri
251 2160 436 2225 sanitatem
462 2166 555 2223 esset
579 2166 805 2240 recepturus;
837 2159 976 2223 tandem
994 2178 1016 2222 a
1036 2179 1105 2224 ma·

160 2260 268 2340 gistro
294 2260 408 2343 operis
433 2259 509 2324 dari
533 2259 599 2323 sibi
622 2258 808 2341 cophinum
836 2259 1047 2341 impetravit,
1069 2260 1106 2323 in

159 2379 228 2443 quo
247 2358 379 2443 lapides
396 2366 432 2423 et
448 2367 653 2424 caementum
675 2378 752 2421 cum
774 2359 847 2421 suis
866 2358 998 2422 baculis
1017 2359 1105 2424 ferre

160 2459 277 2542 coepit.
330 2459 468 2543 Elapsis
486 2479 568 2523 vero
588 2459 708 2541 paucis
728 2459 860 2534 diebuS,
880 2478 987 2521 unum
1006 2460 1105 2523 dimi·

158 2558 206 2624 sit
229 2560 402 2637 baculum,
424 2579 466 2623 ac
493 2558 615 2622 deinde
637 2558 818 2640 reliquum,
840 2565 876 2622 et
898 2566 977 2640 post
996 2560 1105 2623 modi-

161 2678 238 2723 cum
264 2661 429 2743 temporis
456 2679 563 2724 sanus
594 2666 629 2723 et
652 2667 800 2735 erectus,
824 2658 920 2722 nullo
945 2659 1106 2724 suffultus

159 2759 274 2824 baculi
302 2760 523 2837 adminiculo,
549 2759 693 2823 eundem
727 2758 911 2841 cophinum
943 2759 987 2822 ad
1019 2780 1107 2842 opus

160 2860 314 2924 ecclesiae
341 2859 573 2942 deportabat3
605 2877 707 2940 quem
736 2859 921 2941 cophinum
946 2879 1023 2922 cum
1053 2878 1107 2923 es·

160 2966 214 3024 set
232 2978 340 3024 sanus
361 2960 447 3023 adeo
464 2959 599 3035 dilexit,
617 2966 657 3022 ut
679 2977 701 3019 a
723 2979 760 3022 se
787 2957 940 3041 separari
962 2958 1107 3023 nullate-

161 3079 226 3123 nus
245 3060 442 3124 sustineret.
494 3057 576 3123 Alio
595 3078 732 3141 quoque
754 3066 908 3140 tempore
928 3057 1055 3123 accidit
1072 3059 1108 3121 in

161 3159 282 3224 amem
302 3160 456 3236 civitate,
471 3159 563 3240 quod
585 3158 671 3221 civis
690 3159 830 3241 quidam
848 3159 884 3221 iu
909 3164 1041 3222 tantam
1059 3159 1109 3221 in-

162 3260 245 3323 cidit
265 3260 464 3336 amentiam,
487 3258 579 3341 quod
600 3266 678 3323 octo
696 3260 761 3323 viri
780 3258 918 3322 suerunt
936 3257 980 3321 ad
999 3259 1109 3340 ipsius

162 3358 354 3424 custodiam
388 3359 557 3441 deputati,
593 3359 653 3440 qui
686 3359 723 3421 in
760 3359 908 3422 vinculis
949 3359 1110 3422 detentus

162 3466 261 3524 tanto
282 3460 481 3542 agitabatur
499 3459 626 3534 lurore,
649 3458 740 3539 quod
766 3478 910 3521 uxorem
928 3465 964 3522 et
983 3459 1109 3523 liberos

161 3560 319 3643 proprios
355 3559 553 3623 minabatur
586 3558 747 3622 dentibus
777 3557 909 3621 laniare
927 3578 936 3636 ;
971 3560 1110 3623 tandem

162 3660 199 3724 in
215 3660 298 3742 biga
311 3659 442 3741 ligatus
459 3659 503 3722 ad
516 3660 628 3723 virum
645 3659 712 3721 Dei
727 3657 897 3722 adductus
912 3665 985 3737 est3
1008 3678 1109 3741 quem

160 3780 241 3825 cunr
258 3759 468 3842 inspexisset
487 3758 680 3841 episcopus,
702 3758 818 3823 statim
840 3777 933 3840 aqua
951 3759 1112 3823 benedic·

162 3868 200 3925 ta
219 3860 318 3924 illum
341 3858 504 3943 aspersit,
526 3865 562 3922 et
580 3857 738 3941 spiritum
760 3857 950 3940 malignum
972 3858 1111 3943 adjura-

163 3961 225 4037 vit,
242 3968 283 4024 ut
302 3960 346 4024 ab
365 3979 408 4025 eo
427 3959 540 4023 exiret
560 3959 741 4041 ipsumque
766 3958 911 4022 ulterius
934 3979 1001 4023 non
1024 3979 1109 4024 vex·

163 4069 249 4126 aret.
295 4061 404 4143 AEger
430 4078 512 4124 vero
531 4057 771 4136 incontinenti,
796 4059 954 4122 morienti
977 4059 1111 4136 similis,

164 4160 293 4226 corruit
309 4161 500 4238 interram,
518 4179 623 4242 super
636 4179 736 4242 quem
754 4159 808 4224 vir
824 4167 966 4224 sauctus
985 4178 1111 4242 aquam
