2858 4876
151 565 205 606 ab.
217 566 274 605 1213.

160 3455 202 3495 His
210 3454 293 3494 chorter

160 3505 281 3545 olsubmts·

161 3555 214 3595 elon.

310 363 375 428 248
565 378 698 426 uocum
722 378 769 425 nn
792 377 1000 428 wunnovun

311 537 584 621 quinquennium
599 538 916 602 excommunicatus
927 544 1177 620 permanserat,
1193 538 1265 603 De-

311 658 437 721 umque
457 644 492 701 et
514 645 670 701 sanctam
692 636 872 702 ecclesiam
893 638 930 701 in
955 645 1091 702 tantum
1114 638 1263 702 offende-

312 745 379 815 rat,
401 737 495 822 quod
516 736 558 801 de
579 737 704 800 animae
724 757 797 800 suae
817 737 930 802 salute
947 738 1084 821 penitus
1104 738 1264 821 despera·

312 840 395 918 bat3
422 838 584 915 secunda,
605 837 697 919 quod
720 837 811 919 regis
835 838 1048 902 Francorum
1073 839 1264 902 adventum

314 938 501 1015 metuebat,
519 938 579 1020 qui
599 939 691 1001 circa
716 937 821 1001 maris
843 937 964 1002 littora
983 958 1062 1002 cum
1084 939 1267 1002 innumera

313 1045 525 1103 armatorum
545 1038 645 1120 copia
667 1043 874 1120 exspectans
894 1038 1038 1102 insidias
1056 1057 1129 1102 suae
1147 1038 1265 1121 dejec-

314 1138 419 1202 tionis
441 1138 611 1221 parabat3
635 1137 749 1215 tertia,
772 1136 876 1220 quod,
897 1138 927 1201 si
949 1137 1038 1202 forte
1057 1158 1135 1202 cum
1155 1137 1266 1201 hosti-

314 1239 379 1301 bus
404 1236 725 1320 supervcnientibus
742 1237 824 1301 belli
844 1245 1017 1302 certamen
1035 1238 1149 1315 iniret,
1168 1257 1267 1302 vere-

314 1339 418 1402 batur
440 1359 484 1402 ne
501 1357 523 1402 a
546 1337 767 1420 magnatibus
786 1337 926 1419 Angliae
950 1345 985 1402 et
1002 1339 1143 1421 propria
1163 1344 1268 1420 gente

315 1438 410 1502 solus
442 1438 478 1501 in
508 1456 631 1520 campo
666 1437 917 1520 relinqueretur
948 1445 1010 1503 aut
1038 1437 1185 1501 inimicis
1220 1438 1265 1502 ad

315 1537 527 1620 perdendum
558 1536 781 1616 traderetur;
820 1543 979 1620 quartam
1008 1557 1092 1602 vero
1125 1556 1267 1602 causam

316 1637 393 1701 aliis
415 1636 494 1719 plns
522 1638 681 1701 omnibus
706 1637 861 1715 timebat,
892 1637 1047 1702 instabat
1072 1639 1163 1701 enim
1190 1638 1265 1701 dies

316 1737 527 1800 ascensionis
546 1736 751 1814 Dominicae,
775 1736 811 1800 in
834 1755 903 1818 quo
921 1736 1029 1820 juxta
1050 1737 1267 1821 prophetiam

317 1836 415 1901 Petri
443 1837 631 1914 heremitae,
662 1836 704 1900 de
734 1856 804 1919 quo
834 1838 993 1920 superius
1023 1837 1171 1901 relatum
1201 1845 1268 1915 est,

317 1956 395 2000 cum
427 1936 504 2019 ipsa
538 1937 612 2001 vita
651 1956 794 2018 regnum
829 1944 900 2001 tam
936 1938 1126 2020 temporale
1162 1957 1269 2020 quam

318 2044 484 2100 aeternum
501 2037 661 2101 amittere
676 2038 871 2101 verebatur.
919 2036 988 2101 His
1004 2045 1120 2101 autem
1137 2045 1173 2101 et
1188 2057 1271 2101 con-

318 2136 487 2201 similibus
507 2137 621 2200 causis
642 2138 680 2199 in
695 2137 970 2220 desperationem
991 2138 1175 2221 prolapsus
1191 2157 1270 2219 per-

319 2237 537 2302 suasionibus
560 2235 759 2319 Pandulphi
781 2236 959 2320 adquievit
979 2245 1015 2303 et
1036 2238 1269 2320 subscriptam

319 2337 415 2419 pacis
437 2337 583 2401 formam
608 2357 677 2400 non
702 2337 776 2400 sine
804 2336 922 2401 dolore
950 2339 1144 2416 concessit3
1170 2337 1271 2420 jura-

321 2438 371 2501 vit
399 2458 483 2520 ergo
516 2457 591 2514 rex,
619 2438 721 2501 tactis
753 2438 985 2501 sacrosanctis
1016 2437 1208 2520 evangeliis
1233 2438 1272 2501 in

319 2537 507 2619 praesentia
529 2537 740 2620 Pandulphi,
771 2557 808 2601 se
833 2537 965 2622 judicio
994 2539 1149 2602 ecclesiae
1179 2538 1274 2620 pari·

321 2645 449 2714 turum,
482 2644 517 2701 et
543 2637 689 2701 sedecim
717 2652 799 2700 ‘cum
829 2657 870 2701 eo
897 2637 1041 2701 comites
1067 2645 1103 2701 et
1124 2639 1274 2701 barones

320 2756 365 2800 ex
394 2737 645 2819 potentioribus
671 2738 768 2818 regni
794 2739 829 2800 in
856 2739 1007 2801 animam
1031 2739 1140 2821 ipsius
1167 2740 1273 2820 regis,

321 2836 425 2917 quod,
444 2836 474 2898 si
492 2835 581 2900 forte
601 2836 685 2900 sacti
706 2837 904 2918 poeniteret,
926 2839 993 2921 ipsi
1012 2858 1091 2902 eum
1109 2859 1172 2922 pro
1190 2858 1274 2921 pos·

322 2936 487 3000 sibilitate
507 2936 551 2999 ad
572 2935 844 3001 satisfactionem
865 2938 1120 3020 compellerent.

375 3107 493 3172 Ollaria
508 3110 589 3196 napis
601 3112 758 3178 Iohannis
772 3117 809 3181 da
827 3118 1036 3202 satisfactione
1043 3120 1139 3204 facta
1155 3121 1275 3186 anolia-

414 3209 541 3294 pisaapo
555 3211 777 3280 Oantnaniansi
790 3226 818 3280 at
832 3220 987 3284 mennatis
1000 3221 1277 3286 Oantnaniansibas

421 3317 449 3372 at
460 3309 536 3374 aliis
547 3313 672 3397 Anpliae
681 3314 825 3397 piatatis
836 3316 873 3381 da
889 3319 1077 3385 rastitationa
1090 3319 1276 3387 ablataman.

374 3432 619 3501 Convenerunt
640 3439 732 3520 apud
750 3439 926 3506 Doveram
949 3444 1203 3511 decimotertio
1221 3448 1276 3512 die

325 3533 425 3610 Maii,
448 3534 608 3600 videlicet
632 3538 688 3600 die
713 3537 822 3604 Lunae
842 3545 1001 3624 proximo
1023 3552 1104 3611 ante
1122 3549 1277 3611 ascensi-

324 3652 423 3696 onem
452 3634 606 3713 Domini,
629 3658 691 3700 rex
715 3646 751 3702 et
771 3639 1008 3727 Pandulphus,
1038 3665 1115 3710 cum
1141 3649 1278 3712 comiti-

323 3734 401 3811 bus,
418 3735 606 3799 baronibus
624 3745 658 3800 et
674 3740 778 3802 turba
794 3742 905 3806 multa
928 3745 1041 3822 nimiS,
1064 3747 1122 3809 ubi
1139 3747 1175 3810 in
1193 3750 1277 3812 sub·

324 3835 488 3917 scriptam
511 3837 607 3919 pacis
625 3837 769 3902 formam
786 3844 993 3908 unanimiter
1009 3856 1278 3929 consenserunt3

325 3933 376 3997 ‘J
380 3928 562 4012 ohanneS,¹
597 3937 664 4002 Dei
698 3941 812 4021 gratia
843 3962 903 4006 rex
933 3942 1084 4026 Angliae,
1119 3950 1279 4012 omnibus

519 4163 525 4192 ¹
537 4166 682 4231 iohannes]
700 4168 822 4232 Compare
840 4172 942 4236 Itymer,
954 4174 971 4224 i.
983 4189 1009 4236 p.
1023 4178 1079 4225 lll.
