2858 4876
414 399 554 448 neonus
578 401 843 451 u1s‘ronmauu.
1037 387 1102 453 147

153 557 291 622 natione
313 560 484 625 cessabat.
536 560 695 643 Denique
716 561 807 624 inter
830 580 939 642 reges,
959 568 998 624 ut
1012 581 1100 644 prae·
1114 577 1170 617 en·
1181 579 1236 618 12⁰⁰·

152 658 294 722 missum
327 666 393 736 est,
425 659 556 724 foedere
591 660 806 738 confirmato,
838 661 1020 724 terminum
1055 663 1101 725 ad

153 776 300 840 sequens
319 759 444 823 festum
464 761 576 824 sancti
593 760 615 825 J
619 761 765 824 ohannis
783 761 953 843 Baptistae
971 769 1101 826 statue-

152 864 246 935 runt,
270 867 310 924 ut
332 867 414 924 tune
439 879 493 937 ea,
520 880 598 943 quae
627 862 817 943 praelocuta
842 868 936 938 suut,
961 862 1099 926 irrefra-

153 956 315 1039 gabiliter
335 961 526 1024 sortiantur
547 960 728 1040 effectum3
760 961 878 1043 sicque
895 961 1010 1025 soluto
1027 962 1099 1026 col-

152 1056 282 1140 loquio,
297 1079 361 1122 rex
378 1059 402 1122 J
405 1059 570 1137 ohannes,
592 1080 736 1141 sperans
753 1080 791 1124 se
812 1079 875 1142 per
892 1060 957 1124 hoc
979 1062 1099 1126 matri·

152 1158 303 1221 monium
328 1159 463 1222 diutina
485 1179 571 1242 pace
598 1160 811 1241 gavisurum,
833 1160 926 1223 misit
954 1169 1098 1225 matrem

151 1277 249 1321 suam
265 1256 409 1322 Alienor
424 1257 580 1341 reginam
602 1268 744 1342 propter
757 1259 906 1342 puellam
930 1280 1099 1324 momora-

151 1364 235 1435 tam,
257 1365 297 1423 ut
315 1358 414 1423 salvo
437 1359 610 1422 conductu
637 1379 715 1423 cum
744 1361 821 1441 ipsa
845 1360 888 1422 ad
915 1362 1097 1423 terminum

150 1457 331 1539 praefixum
349 1458 487 1523 rediret.
525 1459 604 1524 Rex
620 1458 813 1540 Anglorum
831 1460 966 1524 interim
985 1467 1098 1524 trans-

152 1557 290 1623 fretavit
314 1558 351 1622 in
372 1557 548 1640 Angliam,
571 1567 605 1624 et
624 1553 731 1642 lcepit
748 1560 790 1623 de
813 1578 1021 1642 unaquaque
1044 1580 1098 1624 ca·

151 1666 272 1722 rucata
293 1666 394 1723 terrac
417 1660 523 1723 totius
540 1658 679 1741 Angliae
703 1667 773 1723 tres
795 1659 924 1724 solidos
946 1659 988 1722 dc
1011 1678 1099 1723 aux-

150 1757 222 1835 ilio,
252 1759 469 1842 expletisque
499 1759 577 1823 aliis
607 1760 755 1841 negotiis
785 1761 820 1823 in
848 1759 1098 1824 Normanoiam

150 1859 273 1923 iterum
288 1859 536 1925 transfretavit.

227 2025 270 2090 Ut
283 2024 576 2110 Lodowicuefiliom
590 2025 768 2110 Adiesoasi,
783 2027 863 2111 rapis
879 2025 1025 2104 vasella,

558 2127 692 2191 decerit.

200 2240 270 2306 His
283 2243 334 2306 ita
350 2243 471 2325 gestis,
486 2235 606 2307 ²rediit
616 2242 761 2308 Alienor
778 2243 898 2324 regina
911 2262 990 2306 cum
1007 2261 1096 2324 prae·
1110 2266 1244 2326 marnas

150 2340 224 2406 sata
236 2343 352 2425 puella
363 2343 548 2407 Lodowico
561 2342 757 2408 maritanda
768 2351 803 2413 et
816 2362 892 2406 eam
903 2340 1097 2424 Anglorum
1110 2316 1187 2366 ‘'¹¹¹¹‘'

149 2442 223 2523 regi
240 2443 476 2525 praesentavit.
521 2442 656 2507 Deinde
680 2436 796 2525 ³reges
821 2444 1032 2507 conveniunt
1052 2441 1097 2506 ad

149 2542 357 2625 colloquium
373 2543 464 2607 inter
482 2541 657 2607 Guletune
671 2552 706 2607 et
721 2544 899 2607 Butanant
917 2542 1097 2606 undecimo

148 2642 310 2708 calendas
325 2643 349 2706 J
352 2642 424 2721 ulii,
446 2643 506 2706 uhi
532 2662 595 2706 rex
617 2643 827 2707 Francorum
852 2642 1000 2707 reddidit
1022 2644 1096 2724 regi

149 2740 341 2824 Anglorum
367 2743 543 2807 civitatem
567 2743 791 2807 Ehroicarum
814 2750 849 2807 et
867 2751 977 2808 totum
992 2743 1095 2805 comi-

149 2849 258 2906 tatum
284 2849 391 2925 atque
417 2850 528 2907 terras
553 2844 744 2920 universas,
769 2863 848 2925 quae
873 2863 935 2925 per
951 2861 1095 2907 werram

149 2951 378 3026 occupaverat
404 2943 440 3006 in
471 2943 688 3007 Normanuia
714 2951 749 3007 et
775 2942 853 3006 aliis
878 2943 980 3006 terris
1002 2942 1095 3023 regis

149 3040 353 3124 Anglorum,
384 3050 420 3108 et
450 3062 512 3106 rex
542 3042 722 3107 Johannes
757 3041 988 3106 incontinenti
1015 3041 1095 3104 inde

148 3142 228 3208 fecit
261 3142 459 3225 homagium
490 3143 564 3224 regi
600 3143 826 3219 Francorum,
859 3153 895 3206 et
923 3142 973 3205 sic
1002 3140 1095 3205 dedit

148 3243 309 3308 universa
330 3242 392 3307 illa
413 3243 598 3307 Lodowico
616 3262 694 3306 cum
719 3250 822 3325 nepte
846 3261 911 3305 sua
935 3243 971 3305 iu
994 3243 1097 3305 mari-

90 3360 105 3385 ·
148 3344 243 3425 tagio
267 3352 303 3408 et
330 3342 528 3424 homagium
559 3342 685 3406 iudea
716 3342 901 3407 Lodowico
931 3342 1095 3422 suscepit.

149 3442 228 3522 Quo
243 3442 350 3523 iacto,
364 3443 480 3528 puella
497 3444 533 3506 in
555 3443 706 3507 crastino
728 3443 939 3525 desponsata
961 3448 1014 3504 ost
1028 3440 1097 3504 Lo·

146 3540 279 3608 dowico
295 3543 388 3626 apud
404 3536 573 3608 *Purmor
586 3543 624 3606 in
637 3542 852 3606 Normannia
867 3543 911 3605 ab
929 3541 1097 3623 archiepi-

184 3719 273 3786 ¹Ccpil
289 3723 319 3771 dc
340 3737 480 3786 unoquoque
497 3726 610 3770 cortoeoto
633 3725 686 3769 tum
715 3722 877 3783 exigerentur
886 3714 900 3781 ;'
929 3718 1097 3781 Coggeshale‚

148 3828 155 3843 .
167 3827 175 3842 .
186 3827 193 3842 .
204 3795 256 3843 tres
265 3792 382 3855 solidam]
400 3792 476 3853 ‘quae
493 3792 608 3840 nimirum
633 3791 682 3840 col.
694 3795 751 3840 860.

147 3862 232 3925 gravis
258 3862 358 3912 exactio
384 3862 459 3912 valde
486 3862 608 3924 populum
669 3858 774 3910 ’Rediit
785 3859 909 3924 Alienon]
926 3858 994 3909 Ibid.
1003 3874 1029 3920 p.
1038 3861 1096 3908 8⁰2.

146 3937 220 3983 terrae
232 3932 389 3994 extenuavit,
400 3947 458 3981 cum
467 3937 541 3980 antea
552 3946 609 3993 gra-
668 3929 768 3994 'Reges
778 3929 942 3992 conveniunt]
959 3930 1013 3977 The
1020 3933 1096 3976 terms

147 4004 187 4053 vis
197 4003 297 4052 exactio
308 4003 418 4064 scutagii
429 4001 609 4065 praecessisset.
635 4001 663 4050 of
671 4001 723 4050 this
739 4017 817 4064 peace
834 4016 877 4050 are
895 3999 994 4062 printed
1011 3999 1038 4046 in
1054 3998 1096 4046 the

147 4073 215 4123 Nam
227 4073 261 4122 ad
269 4076 369 4122 scutum
380 4073 440 4122 duae
450 4087 542 4121 marcae
554 4087 609 4133 per·
636 4087 691 4120 new
697 4071 824 4121 editionot'
828 4069 1096 4132 Rymer,t0m.i.p.vo.

146 4144 316 4206 solvebantur,
326 4158 385 4192 cum
401 4157 539 4204 numquam
556 4157 610 4192 am·
671 4141 820 4206 ⁴Purmor.]
845 4143 979 4203 Portmort,
1001 4152 1032 4187 on
1054 4136 1098 4186 the

146 4215 216 4277 plius
227 4228 304 4276 quam
315 4214 406 4276 viginti
417 4213 492 4264 solidi
503 4213 536 4261 ad
553 4226 610 4262 scu·
636 4213 719 4263 Scine.

949 4283 991 4327 ι2
