2858 4876
408 385 548 434 riorus
570 385 838 437 ursroamauu.
1030 374 1097 440 247

146 549 289 626 tumque
304 543 453 627 stipatus
471 542 608 624 agmine
621 544 665 607 ad
681 543 748 608 hoc
761 552 954 629 exspectat,
971 553 1012 611 ut
1024 567 1096 612 ma-
1107 566 1163 607 nn.
1174 567 1231 606 ιω.

140 643 276 727 jorihus
296 643 408 708 adhuc
424 643 574 708 vallatus
598 645 746 708 catervis
763 664 868 728 super
884 665 946 710 vos
964 654 1000 710 et
1017 667 1095 731 reg-

145 762 228 806 num
249 751 404 808 vestrum
425 742 597 807 hostiliter
619 744 748 822 veniat,
765 751 801 810 et
819 747 921 827 quasi
943 745 1096 813 Domino

146 847 181 906 et
198 862 332 908 summo
352 843 507 926 pontifici
530 843 690 908 rebellem
708 863 730 909 a
747 865 855 928 regno
871 853 906 910 te
928 846 1097 912 violenter

146 942 309 1026 depellat,
330 950 436 1026 atque
457 944 667 1009 auctoritate
688 944 779 1009 sedis
801 946 1003 1028 apostolicae
1019 967 1096 1030 reg-

146 1062 229 1106 num
247 1042 387 1126 Angliae
407 1049 575 1126 perpetuo
596 1043 677 1127 jure
701 1045 888 1128 possideat.
939 1045 1097 1111 Veniunt

145 1148 181 1207 et
207 1162 286 1207 cum
315 1143 376 1207 illo
406 1161 525 1207 omnes
554 1144 707 1227 episcopi
735 1145 864 1209 dudum
894 1147 938 1210 ab
964 1145 1096 1229 Anglia

145 1243 329 1327 proscripti
350 1263 428 1308 cum
449 1243 582 1307 clericis
602 1249 638 1307 et
655 1244 752 1309 laicis
772 1245 1024 1323 exsulantibus,
1043 1254 1095 1324 ut,

144 1343 221 1424 ipso
243 1344 342 1421 duce,
366 1342 465 1407 sedes
488 1344 702 1427 episcopales
728 1365 807 1408 cunr
832 1347 934 1410 rehus
957 1346 1036 1410 aliis
1059 1353 1095 1410 te

144 1442 255 1511 invito
279 1442 459 1526 recipiant,
480 1449 516 1506 et
536 1443 855 1526 obsequiumvohis
878 1445 961 1509 olim
982 1452 1017 1509 et
1034 1465 1095 1509 an-

144 1543 372 1607 tecessoribus
397 1542 523 1606 vestris
556 1543 748 1607 exhibitum
785 1545 853 1627 ipsi
887 1545 931 1608 de
968 1552 1094 1610 caetero

145 1650 340 1708 reverenter
360 1641 574 1724 impendant.
625 1641 649 1706 J
652 1648 748 1706 aetat
763 1661 800 1706 se
818 1651 988 1726 praeterea
1004 1644 1094 1708 idem

144 1761 207 1807 rex
232 1741 372 1807 chartas
397 1742 525 1806 hahere
553 1743 705 1806 omnium
733 1741 803 1806 fere
828 1741 968 1825 Angliae
997 1764 1093 1826 mag·

142 1847 263 1906 natum
284 1844 328 1906 de
349 1841 516 1906 fidelitate
536 1848 572 1907 et
591 1841 816 1926 subjectione,
843 1844 934 1907 unde
955 1844 1093 1926 plenam

143 1941 295 2024 concipit
310 1940 532 2007 securitatem
550 1941 716 2006 adfinem
738 1942 906 2025 optimum
926 1962 998 2008 rem
1017 1964 1095 2026 per·

143 2041 268 2106 ducere
295 2041 504 2106 inchoatam.
557 2041 709 2106 Consule
733 2061 817 2123 ergo
840 2044 964 2107 saltem
991 2063 1094 2122 nunc,

143 2141 243 2223 quasi
272 2141 309 2205 in
343 2141 507 2206 extremis
543 2160 663 2222 agens,
697 2140 841 2206 utilitati
871 2150 954 2220 tuae,
981 2150 1022 2207 ut
1049 2144 1093 2207 ad

142 2241 384 2324 poenitentiam
407 2240 541 2318 redeas,
571 2248 607 2304 et
631 2242 757 2319 Deum,
783 2262 886 2325 quern
911 2250 1033 2308 contra
1058 2251 1093 2308 te

142 2341 186 2404 ad
214 2341 403 2407 vindictam
434 2341 632 2422 provocasti
669 2341 921 2423 gravissimam,
952 2344 1091 2426 placare

141 2461 185 2505 ne
207 2441 355 2506 differas.
407 2439 444 2504 Si
464 2442 556 2505 enim
581 2440 806 2506 sufficientem
831 2443 981 2508 volueris
1004 2461 1091 2525 prae-

141 2548 235 2606 stare
253 2541 448 2606 cautionem
466 2540 599 2623 judicio
622 2541 777 2606 ecclesiae
798 2541 952 2625 parendi,
973 2549 1009 2606 et
1027 2541 1091 2604 hu-

140 2641 267 2705 miliari
281 2660 343 2724 pro
360 2639 456 2723 Ipso,
474 2641 588 2722 quise
605 2661 668 2724 pro
686 2649 720 2705 te
737 2640 944 2720 humiliavit,
960 2642 1091 2724 poteris

141 2760 187 2804 ex
217 2741 400 2805 clementia
427 2740 519 2804 sedis
548 2741 749 2823 apostolicae
780 2761 923 2824 regnum
950 2761 1092 2824 recupe-

141 2860 230 2919 rare,
254 2860 364 2924 aquo
391 2860 455 2923 pro
478 2842 697 2905 contumacia
722 2840 845 2905 Romae
872 2842 1091 2926 abjudicatus

139 2940 248 3005 fuisti.
300 2940 405 3005 Nunc
425 2948 554 3017 autem,
572 2961 616 3005 ne
634 2942 914 3023 supergaudeant
928 2941 971 3005 de
987 2948 1021 3005 te
1037 2943 1091 3005 iu-

140 3041 234 3105 imioi
256 3040 319 3118 tui,
347 3046 520 3104 revertere
544 3040 588 3104 ad
613 3047 809 3119 cortuum,
835 3061 962 3105 cavens
989 3061 1032 3104 ne
1056 3047 1091 3104 te

138 3142 175 3205 in
198 3140 303 3205 talem
322 3138 559 3203 difficultatem
578 3141 734 3216 inducas,
752 3139 794 3204 de
818 3160 888 3223 qua
913 3148 948 3205 te
969 3140 1090 3205 volens

138 3240 302 3325 expedire
316 3260 387 3304 non
403 3239 546 3304 valeas.'

217 3414 371 3491 Quomodo
385 3435 440 3480 rac
454 3413 723 3498 Johooaesfoerc't
739 3412 785 3478 ad
791 3411 1009 3498 poeaitentiam

514 3522 710 3600 provocatus.

189 3639 271 3705 Rex
293 3639 442 3722 denique
463 3638 487 3703 J
490 3638 655 3716 ohannes,
675 3637 729 3701 his
749 3636 876 3701 auditis
896 3655 938 3700 ac
962 3635 1091 3699 medul·
1103 3659 1232 3702 aemma

137 3741 222 3807 litus
251 3740 450 3815 intellectis,
480 3739 643 3803 confusus
681 3743 736 3801 est
768 3737 870 3800 valde
909 3743 945 3800 et
976 3743 1090 3801 mente
1103 3710 1233 3801 illidam

137 3839 240 3905 nimis
259 3841 495 3923 perturbatus,
510 3839 631 3903 videus
647 3837 798 3920 undique
815 3837 880 3901 sihi
899 3835 1089 3920 periculum
1102 3813 1237 3862 ΜΨ

136 3941 325 4005 imminere.
394 3939 505 4003 Erant
530 3940 621 4003 enim
649 3944 797 4021 quatuor
822 3956 936 4002 causae
962 3938 1089 4019 princi-

135 4041 246 4125 pales,
272 4060 350 4123 quae
372 4041 486 4125 ipsum
512 4039 556 4102 ad
580 4039 823 4121 poeniteutiam
848 4037 951 4101 simul
976 4044 1011 4100 et
1033 4056 1090 4100 sa-

136 4141 367 4206 tissactionem
390 4140 652 4223 compulerunt;
677 4139 797 4222 prima,
819 4137 911 4222 quod
931 4137 1006 4221 jam
1029 4156 1091 4220 per
