2858 4876
153 590 207 629 Δ.Ι).
219 591 274 628 1216.

154 641 232 689 Magna

153 691 232 729 chana

153 740 276 779 annulledb

153 790 191 830 the
199 800 259 840 pope.

277 751 290 789 y

311 402 377 466 324
566 412 701 461 nonum
725 411 772 458 nn
796 410 1004 460 wnunovnn

314 591 472 637 reversus
495 572 537 635 ad
559 591 619 635 cor
639 571 716 634 Deo
736 579 771 635 et
793 571 947 635 ecclesiae
967 569 1142 633 humiliter
1163 570 1267 634 satis-

314 672 408 750 fecit,
433 673 469 734 in
494 678 641 748 tantum,
671 671 762 754 quod
792 691 861 734 non
888 671 998 733 solum
1028 689 1267 752 recompensa-

316 773 445 835 tionem
471 792 534 854 pro
555 772 690 834 damnis
716 777 751 834 et
775 771 1028 834 restitutionem
1051 770 1209 833 exhibuit
1225 769 1268 832 de

317 872 455 949 ablatiS,
476 892 596 935 verum
622 872 727 934 etiam
754 871 943 952 plenariam
968 870 1164 933 libertatem
1188 889 1268 932 con-

316 971 397 1034 tulit
409 972 563 1035 ecclesiae
573 970 793 1052 Anglicanae3
812 969 895 1052 quin
906 970 1021 1046 immo,
1032 975 1266 1051 utraquesen-

318 1071 428 1134 tentia
451 1071 620 1146 relaxata,
639 1089 782 1152 regnum
798 1089 898 1133 suum
921 1076 992 1133 tam
1006 1069 1145 1149 Angliae
1163 1088 1269 1150 quam

318 1169 498 1234 Hiberniae
520 1173 622 1235 beato
643 1169 749 1234 Petro
770 1177 805 1233 et
822 1169 976 1234 ecclesiae
995 1169 1164 1232 Romanae
1187 1188 1270 1232 con-

317 1271 433 1347 cessit,
455 1271 624 1354 recipiens
640 1269 724 1332 illud
749 1288 770 1331 a
789 1269 888 1334 nobis
911 1270 946 1332 in
965 1269 1102 1332 feodum
1122 1270 1187 1332 sub
1206 1289 1269 1332 an-

318 1389 386 1433 nuo
401 1390 507 1434 censu
527 1372 619 1434 mille
637 1388 841 1447 marcarum,
866 1369 1043 1433 fidelitatis
1068 1369 1166 1432 nobis
1189 1369 1269 1431 inde

317 1471 474 1551 praestito
498 1471 708 1553 juramento,
739 1470 829 1533 sicut
859 1489 919 1552 per
945 1460 1163 1551 privilegium
1191 1469 1269 1551 ejus

318 1575 462 1651 apparet
472 1589 578 1633 aurea
588 1571 684 1633 bulla
699 1569 878 1633 munitum.
907 1568 1030 1632 Adhuc
1042 1569 1146 1631 etiam
1157 1570 1270 1632 omni-

318 1670 450 1749 potenti
480 1669 556 1733 Deo
579 1669 727 1752 amplius
749 1668 886 1752 placere
908 1669 1106 1732 desiderans
1129 1669 1268 1749 signum

318 1767 464 1832 vivificae
485 1771 596 1833 erucis
611 1777 809 1833 reverenter
824 1769 968 1851 accepit,
992 1768 1211 1850 profecturus
1233 1769 1269 1830 in

318 1868 507 1931 subsidium
538 1878 640 1933 terrae
665 1877 808 1945 sanctae,
831 1869 875 1932 ad
904 1868 996 1951 quod
1023 1888 1060 1931 se
1087 1868 1271 1949 magnifice

318 1970 549 2048 praeparabat.
603 1968 667 2032 Sed
689 1969 829 2032 humani
852 1969 987 2050 generis
1013 1968 1186 2044 inimicus,
1210 1969 1270 2049 qui

318 2087 453 2150 semper
470 2068 650 2132 consuevit
665 2070 764 2132 bonis
782 2070 915 2132 actibus
930 2068 1096 2144 invidere,
1108 2068 1181 2130 suis
1199 2069 1271 2130 cal·

319 2166 397 2229 lidis
421 2155 552 2231 artibus
575 2168 740 2246 adversus
764 2189 842 2232 eum
865 2170 1012 2232 barones
1030 2167 1170 2248 Angliae
1190 2186 1271 2230 con-

319 2267 453 2345 citavit,
467 2268 519 2331 ita
535 2276 587 2346 ut,
605 2268 725 2332 ordine
742 2288 917 2350 perverso,
933 2269 970 2330 in
992 2267 1090 2330 illum
1112 2268 1272 2348 insurge-

320 2374 398 2430 rent
423 2374 605 2451 postquam
630 2388 816 2432 conversus
839 2369 993 2432 ecclesiae
1014 2367 1194 2444 satisfecit,
1213 2369 1273 2449 qui

321 2466 537 2532 adsistebant
561 2468 670 2532 eidem
695 2469 834 2550 quando
860 2469 1038 2532 ecclesiam
1063 2466 1270 2531 offendebat.

321 2566 409 2630 Orta
423 2568 591 2650 siquidem
607 2570 768 2632 intereos
784 2569 1007 2632 dissensionis
1024 2568 1181 2644 materia,
1194 2587 1271 2630 cum

320 2665 436 2746 plures
469 2669 541 2730 dies
574 2669 697 2731 statuti
728 2669 873 2732 fuissent
906 2668 950 2730 ad
982 2667 1201 2730 tractandum
1230 2668 1273 2731 de

320 2784 416 2845 pace,
440 2768 602 2848 utrinque
622 2769 760 2831 interim
784 2768 954 2831 solemnes
981 2768 1093 2830 nuntii
1118 2767 1164 2829 ad
1191 2787 1271 2831 nos·

321 2872 410 2926 tram
433 2865 572 2930 fuerunt
593 2869 811 2949 praesentiam
833 2868 1017 2945 destinati3
1052 2887 1130 2929 cum
1147 2869 1273 2949 quibus

321 2963 439 3028 habito
466 2966 623 3048 diligenti
647 2976 812 3044 tractatu,
837 2975 916 3049 post
944 2968 1080 3049 plenam
1103 2967 1272 3031 delibera-

322 3064 451 3128 tionem
468 3067 666 3149 scripsimus
681 3087 743 3149 per
758 3068 895 3131 eosdem
913 3066 1102 3148 Stephano,
1120 3066 1271 3131 Cantua-

321 3164 425 3227 riensi
441 3165 712 3248 archiepiscopo
726 3176 761 3231 et
772 3167 942 3249 episcopis
956 3165 1173 3246 Anglicanis,
1186 3186 1271 3247 prae-

322 3264 478 3345 cipiendo
509 3266 724 3343 mandantes
757 3275 797 3331 ut
826 3266 869 3330 ad
898 3265 1148 3328 reformandam
1181 3267 1272 3330 inter

321 3371 486 3446 utrosque
510 3385 627 3429 veram
652 3374 688 3429 et
715 3367 852 3449 plenam
878 3365 1096 3429 concordiam
1123 3365 1270 3446 diligens

321 3463 557 3545 impenderent
583 3466 735 3528 studium
763 3473 798 3529 et
821 3485 959 3548 operam
989 3463 1174 3540 efficacem,
1198 3486 1271 3530 om-

322 3582 383 3625 nes
406 3564 663 3648 conjurationes
685 3573 720 3628 et
734 3567 1019 3647 conspirationes
1042 3565 1072 3627 si
1095 3584 1174 3645 quae
1197 3565 1271 3628 fue-

321 3671 401 3726 rant
432 3664 520 3727 forte
550 3674 770 3748 praesumptae
799 3685 820 3728 a
845 3673 1000 3747 tempore
1026 3664 1179 3727 subortae
1203 3665 1273 3728 dis·

320 3763 446 3826 cordiae
471 3765 561 3828 inter
587 3785 731 3845 regnum
755 3772 790 3829 et
810 3765 1052 3841 sacerdotium,
1078 3765 1273 3846 apostolica

320 3862 563 3927 denuntiantes
592 3866 800 3929 auctoritate
823 3871 990 3941 cassatas,
1005 3872 1041 3928 et
1057 3883 1119 3944 per
1133 3883 1271 3928 excom-

320 3964 563 4027 municationis
591 3966 797 4029 sententiam
824 3964 1029 4040 inhibenteS,
1051 3963 1205 4027 natalia
1228 3964 1271 4028 de

321 4070 447 4126 caetero
471 4072 759 4145 praesumerentur
778 4084 799 4127 a
815 4083 1012 4147 quoquam;
1040 4072 1221 4143 magnates
1236 4072 1272 4128 et

321 4161 452 4226 nobiles
469 4162 607 4245 Angliae
631 4165 799 4228 monendo
822 4165 1013 4247 prudenter
1031 4169 1066 4226 et
1088 4161 1272 4228 efficaciter
