2858 4876
151 565 274 627 nnuma

153 1555 209 1594 Μ).
219 1555 275 1594 uas.

154 1604 246 1644 stichum
257 1605 290 1644 sat

153 1654 259 1703 stllbsrty

152 1709 236 1744 reterns
245 1707 267 1743 to

154 1753 257 1804 Englsnd.

312 374 356 440 80
567 390 701 438 noonru
726 389 773 436 nn
796 386 1003 437 wrnnovnr

311 549 348 616 in
365 547 516 614 crastino
533 548 645 614 sancti
662 544 833 611 Leonardi
848 545 884 609 in
902 562 967 609 sue
987 541 1069 607 sede
1084 548 1141 605 est
1154 539 1275 605 collo·

312 656 436 727 catus3
460 647 560 731 cujus
585 646 776 722 industriae,
800 663 846 708 ex
870 649 1045 727 praecepto
1076 639 1176 722 regis
1204 638 1299 703 Ra·

313 746 443 823 ohardi,
471 766 615 828 regnum
645 743 785 826 Angliae
816 749 852 806 et
892 742 968 825 ejus
1006 738 1274 804 administratio

312 846 496 909 commissa
534 850 600 922 est,
638 850 754 907 amoto
782 840 955 918 Waltero,
985 837 1276 919 Bothomagensi

313 943 584 1025 archiepiscopo,
615 942 674 1023 qui
706 947 851 1005 vocatus
882 958 904 1002 a
943 957 1025 1019 rege
1054 935 1204 1000 transiit
1235 936 1274 998 in

314 1040 568 1118 Alemanniem,
593 1060 671 1104 curn
694 1058 764 1122 quo
786 1045 822 1102 et
843 1037 963 1118 regina
984 1035 1132 1101 Alienor
1152 1040 1277 1097 mater

314 1141 407 1221 regis
424 1140 644 1222 proficiscens
659 1138 768 1201 filiurn
782 1135 898 1201 videre
914 1134 1114 1199 maturavit.

361 1314 403 1381 Ut
417 1336 470 1381 ree
484 1315 665 1380 Biclardaa
681 1336 703 1379 a
716 1335 838 1379 earcere
852 1312 999 1380 liberatas
1010 1313 1045 1378 im
1060 1312 1226 1399 Acyllam

720 1412 847 1478 venerit.

363 1536 466 1602 Anno
488 1538 681 1602 Dominicae
704 1535 898 1601 nativitatis
927 1552 1079 1600 mcxcrv.
1097 1529 1184 1599 ¹rex
1203 1536 1273 1601 Ri-

314 1636 473 1714 chardus,
482 1639 635 1701 maxima
645 1635 720 1719 jam
735 1643 833 1719 parte
845 1653 918 1699 suaa
929 1634 1177 1718 redemptionis
1189 1655 1271 1718 per-

315 1735 440 1812 soluta,
463 1736 707 1818 obsidibusque
724 1734 815 1801 detis
838 1754 901 1817 pro
920 1740 1032 1816 parte,
1048 1752 1127 1816 quae
1149 1742 1271 1799 resta-

316 1835 377 1898 bat
397 1834 574 1912 solvenda,
595 1834 651 1898 die
672 1833 920 1917 purificationis
941 1834 1053 1897 heatae
1070 1830 1201 1897 Mariae
1225 1835 1272 1897 ab

315 1932 409 1996 omni
431 1933 587 1996 custodia
608 1933 825 2015 imperatoris
847 1932 934 1996 liber
954 1931 1095 1995 effectus
1116 1933 1271 2014 permis-

315 2049 375 2094 sus
390 2038 444 2096 est
458 2031 569 2096 redire
587 2032 631 2095 ad
647 2050 791 2113 regnum
804 2050 814 2111 ς
837 2030 909 2113 qui,
925 2049 1005 2094 cum
1018 2036 1129 2093 matre
1145 2038 1272 2096 suaet

315 2129 519 2194 cancellario
541 2151 604 2215 per
629 2139 756 2195 terram
780 2131 878 2194 ducis
906 2128 1072 2193 Lovaniae
1094 2128 1139 2192 cd
1167 2148 1272 2194 mare

314 2224 551 2293 Britannicum
577 2229 793 2311 perveniens,
817 2229 854 2291 in
880 2227 935 2291 die
954 2221 1156 2291 ²Dominica
1183 2237 1270 2310 post

312 2326 439 2390 festum
455 2329 568 2392 sancti
584 2325 745 2409 Gregorii
766 2326 915 2409 proximi
937 2327 974 2389 in
995 2324 1161 2408 Angliam
1185 2345 1270 2391 cum

312 2425 446 2507 ingenti
481 2427 633 2489 omnium
675 2424 802 2506 gaudio
839 2426 883 2488 ad
917 2431 1055 2508 portum
1091 2424 1273 2507 applicuit

313 2522 602 2589 Sandwicensem.
649 2523 751 2588 Hora
773 2531 901 2602 autem,
919 2543 989 2606 qua
1011 2543 1074 2588 rex
1089 2542 1171 2588 cum
1189 2525 1269 2589 suis

258 2670 263 2680 .
314 2622 493 2705 applicuit,
505 2622 591 2686 hora
607 2623 739 2687 scilicet
760 2623 829 2686 diei
851 2623 1014 2700 secunda,
1033 2622 1106 2686 sole
1130 2622 1268 2687 clarius

312 2721 488 2798 rutilante,
519 2722 680 2803 apparuit
710 2720 872 2804 splendor
908 2721 1050 2804 quidem
1079 2721 1267 2786 serenissi-

313 2839 389 2883 mus
424 2827 459 2883 et
488 2819 662 2897 insolitus,
691 2838 761 2882 non
790 2819 926 2901 longius
952 2839 974 2883 a
1004 2820 1077 2883 sole
1105 2828 1268 2885 remotus

313 2936 418 3001 quam
447 2918 491 2983 ad
524 2918 776 2998 longitudinem
805 2925 840 2982 et
873 2917 1091 2982 latitudinem
1118 2917 1270 2984 humani

312 3016 478 3099 corporis,
510 3017 693 3081 candorem
727 3015 957 3099 perfulgidum
990 3024 1096 3098 atque
1123 3017 1269 3081 rubedi-

313 3133 392 3179 nem
419 3117 519 3198 quesi
553 3116 685 3198 species
712 3116 773 3178 iris
800 3115 942 3193 habens,
969 3134 1072 3197 quem
1099 3115 1269 3196 splendo-

314 3233 386 3277 rem
419 3214 535 3296 plures
570 3216 744 3278 intuentes
774 3214 1044 3296 pronuntiabant
1075 3210 1209 3294 regem
1226 3216 1270 3279 in

313 3311 479 3394 Angliam
494 3313 568 3376 fore
590 3313 784 3394 appulsum.
837 3312 918 3375 Rex
941 3319 1056 3376 autem
1078 3310 1269 3378 confestim

315 3410 539 3476 cantuariam
560 3410 734 3492 profectus
759 3412 898 3475 beatum
920 3410 1088 3495 Thomam
1113 3409 1271 3476 devotus

314 3509 459 3593 petivit3
482 3508 605 3572 deinde
628 3508 826 3574 Londonias
842 3509 986 3573 veniens
1007 3529 1085 3573 cum
1107 3510 1273 3576 maxima

313 3607 446 3672 laetitiae
479 3627 605 3688 pompa
635 3615 801 3689 exceptus
828 3615 892 3686 est,
923 3608 1085 3672 universa
1118 3607 1272 3674 civitate

314 3713 435 3769 contra
453 3706 545 3787 regis
565 3706 752 3772 adventum
773 3707 1073 3771 innumerabilium
1090 3707 1272 3774 verietate

350 3922 424 3975 ¹Res
432 3927 591 3991 libhardus]
609 3928 777 3993 Ooggeshale,
838 3927 983 3980 'Doninico
999 3934 1054 3994 poet
1065 3930 1158 3989 sertum
1181 3934 1274 3982 uncti

316 3998 381 4056 sam
399 3996 558 4061 Newburgh,
565 4002 612 4048 441
624 4015 632 4061 3
644 3999 777 4063 Heroden,
805 4000 943 4064 Gregorii]
966 4000 1020 4049 The
1041 3999 1100 4048 leth
1117 3998 1147 4047 ol
1161 3998 1275 4052 March.

316 4067 372 4114 ⁷³5.
802 4069 959 4130 coggeshala
979 4070 1051 4118 alone
1075 4067 1276 4121 mentions-the

801 4139 860 4186 visit
871 4143 896 4186 to
907 4138 949 4186 the
961 4139 1044 4188 shrine
1056 4137 1086 4186 ol
1093 4137 1204 4189 Becket.
