2858 4876
308 402 374 468 276
484 445 490 456 ·
560 414 694 464 nocem
720 415 767 461 nn
790 411 996 463 wnunovnn

150 587 273 628 hunw-
311 575 396 638 mini
410 593 511 656 papae
530 572 724 637 diademate
746 574 823 636 cum
841 591 949 654 regno
971 572 1161 652 resignato,¹
1188 577 1261 634 tam

312 675 501 739 dominium
516 672 697 737 Hiberniae
713 692 816 756 quam
832 676 976 754 regnum
992 665 1167 735 lsubdidit
1184 668 1261 733 An·

219 810 221 817 1
312 773 508 857 glicanum3
539 772 659 837 charta
690 774 827 855 quoque
858 774 961 854 regis,
992 772 1035 835 de
1067 790 1136 854 qua
1159 789 1263 852 supe-

313 875 385 937 rius
411 873 574 949 diximus,
603 892 680 955 quae
708 872 804 955 prius
829 892 909 936 cera
930 872 1068 954 signata
1089 871 1203 934 fuerat
1229 875 1265 932 et

314 972 522 1055 Pandulpho
560 973 700 1049 tradita,
731 991 823 1036 nunc
858 991 942 1037 auro
982 972 1113 1035 bullata
1145 975 1199 1034 est
1227 975 1265 1032 et

221 1119 224 1125 -
313 1074 431 1156 legato
452 1073 495 1136 ad
521 1091 608 1155 opus
628 1072 757 1136 domini
781 1092 882 1155 papae
907 1080 941 1136 et
965 1072 1135 1136 Romanae
1155 1068 1266 1132 eccle·

315 1174 375 1237 siae
391 1173 566 1254 resignata
577 1178 591 1252 ;’
609 1190 715 1255 super
728 1165 940 1236 ²ablatorum
952 1193 1034 1237 vero
1047 1169 1266 1235 restitutione

315 1267 435 1337 tertio³
464 1291 573 1336 nonas
600 1271 809 1337 Novembris
835 1272 927 1354 apud
951 1271 1152 1353 Radingum
1168 1268 1265 1332 diem

316 1379 525 1437 statuerunt.
554 1371 711 1454 Cumque
722 1371 777 1435 die
789 1372 864 1456 jam
881 1372 1062 1454 praelibato
1077 1388 1208 1446 omues,
1225 1376 1266 1432 ut

316 1472 487 1554 superiuS,
509 1471 762 1549 convenissent,
784 1492 847 1535 rex
873 1471 928 1535 die
949 1471 1010 1535 illo
1033 1491 1101 1534 non
1125 1487 1266 1551 compa·

316 1572 398 1648 ruit,
412 1572 473 1636 sed
484 1571 539 1635 die
555 1572 657 1636 tertio
669 1571 762 1654 apud
776 1570 1016 1653 walingeford
1033 1571 1157 1634 iterum
1173 1568 1267 1651 pari·

317 1680 371 1734 ter
387 1678 644 1751 convenerunt3
671 1671 729 1735 ubi
747 1691 822 1749 rex,
846 1679 1018 1753 utsupra,
1042 1670 1085 1735 de
1104 1669 1266 1734 omnibus

317 1771 443 1834 ablatis
469 1770 638 1853 episcopis
659 1777 695 1834 et
715 1770 793 1834 aliis
817 1771 987 1834 universis
1009 1790 1047 1834 se
1066 1769 1267 1833 satisfactu-

317 1889 393 1934 rum
417 1877 597 1952 gratanter
621 1871 818 1952 spopondit,
845 1870 905 1934 sed
931 1870 996 1934 hoc
1017 1870 1099 1946 illis,
1117 1888 1266 1951 quorum

316 1970 462 2035 castella
487 1970 613 2047 diruta,
643 1970 764 2034 domus
791 1971 979 2047 subversae,
1005 1969 1159 2052 pomeria
1186 1987 1266 2032 cum

317 2070 513 2134 nemoribus
552 2069 687 2134 succisa
714 2069 863 2146 fuerant,
900 2088 1023 2151 parum
1059 2068 1266 2148 videbatur3

318 2170 408 2233 unde
425 2190 488 2234 rex
508 2176 544 2233 et
559 2169 713 2252 episcopi
729 2171 765 2232 in
781 2169 847 2234 hoc
861 2169 991 2252 pariter
1006 2175 1268 2245 consenserunt,

317 2277 358 2333 ut
385 2269 421 2332 in
446 2269 588 2334 arbitrio
608 2277 758 2351 quatuor
780 2270 947 2332 baronum
970 2287 1007 2333 se
1029 2275 1207 2351 ponerent,
1232 2275 1269 2332 et

316 2370 367 2433 sic
383 2369 536 2455 ipsorum
554 2368 688 2453 judicio
705 2368 922 2434 satisfaceret
939 2367 1121 2433 universis.
1174 2368 1269 2432 Con-

317 2477 485 2533 venerunt
508 2470 632 2533 iterum
656 2488 717 2533 rex
740 2489 818 2534 cum
840 2468 968 2551 legato,
988 2468 1271 2554 archiepiscopus

317 2587 394 2631 cum
411 2569 598 2653 episcopis,
620 2569 840 2651 magnatibus
863 2587 904 2632 ac
927 2568 1086 2632 omnibus
1108 2569 1192 2633 viris
1215 2589 1270 2633 re-

317 2667 449 2748 ligiosis
479 2669 524 2732 ad
554 2668 728 2734 interdicti
765 2668 941 2750 negotium
975 2668 1269 2750 contingentibus,

318 2766 409 2848 apud
440 2766 638 2849 Radingum
679 2775 804 2833 octavo
846 2766 925 2832 idus
956 2769 1172 2847 Decembris,
1208 2771 1269 2834 ubi

318 2865 448 2946 singuli
475 2865 630 2931 chartam
658 2874 888 2950 porrexerunt
911 2868 948 2932 in
976 2868 1163 2951 publicum,
1195 2889 1270 2934 om·

318 2964 414 3028 nium
440 2965 633 3031 ablatorum
661 2977 696 3032 et
718 2968 921 3032 damnorum
947 2986 1116 3031 summam
1138 2969 1271 3051 pariter

318 3064 550 3130 continentem
563 3088 572 3147 3
596 3067 668 3144 sed,
684 3067 802 3149 legato
822 3069 897 3150 regi
912 3067 1065 3132 favorem
1081 3070 1271 3151 praebente,

319 3164 447 3228 solutio
471 3166 621 3230 omnium
644 3167 844 3231 dilationem
871 3169 1017 3251 accepit,
1044 3175 1191 3251 excepto
1215 3189 1271 3247 eo,

320 3263 413 3344 quod
438 3264 717 3349 archiepiscopus
742 3274 777 3331 et
796 3267 951 3350 episcopi
972 3267 1101 3331 dudum
1125 3268 1169 3332 ab
1192 3267 1270 3333 An·

321 3362 392 3444 glia
417 3365 601 3448 proscripti
630 3366 753 3431 ibidem
780 3365 976 3449 quindecim
1001 3364 1110 3431 millia
1134 3386 1271 3434 marcas

321 3464 457 3544 argenti
473 3453 710 3548 perceperunt.

354 3638 514 3710 ¹Subdidit.]
537 3644 585 3694 See
595 3645 638 3695 the
650 3646 785 3695 charterof
806 3647 922 3696 ecclesiae
939 3652 965 3696 et
979 3647 1047 3697 clero
1065 3647 1144 3698 illatis
1158 3654 1272 3713 tempore

318 3712 473 3774 resignation
485 3713 535 3761 and
545 3713 609 3765 form
624 3715 653 3764 of
665 3715 781 3777 homage,
806 3721 880 3765 motae
900 3717 1035 3767 discordiae
1053 3719 1118 3767 inter
1137 3733 1223 3780 regem
1246 3727 1273 3770 et

319 3795 349 3828 or
358 3781 418 3831 oath
428 3782 458 3830 of
470 3782 559 3846 ieelty,
573 3785 599 3833 in
611 3786 713 3848 Rymer,
725 3786 742 3835 i.
754 3801 780 3848 p.
806 3785 901 3834 clerum
912 3783 1034 3848 Angliae.’
1069 3788 1117 3837 See
1136 3789 1270 3852 Rymer,i.

322 3855 378 3900 11⁵.
806 3859 902 3916 plll.
938 3857 992 3905 The
1004 3857 1131 3907 namesof
1143 3859 1186 3908 the
1202 3875 1272 3911 com·

356 3916 515 3970 2Αὺὶαιονωη
532 3922 781 3987 commentatione]
806 3925 951 3976 missionem
962 3940 1005 3975 are
1023 3927 1123 3988 printed
1139 3933 1167 3977 at
1183 3930 1271 3992 length

320 3988 353 4037 In
361 3989 403 4039 the
415 3990 508 4040 Patent
519 3991 590 4040 Rolls
607 3993 630 4041 is
641 4006 657 4040 a
668 3995 727 4041 writ
737 3993 781 4043 ad·
805 3997 832 4043 in
856 3995 907 4045 Mr.
926 3991 1040 4058 Hurdy’s
1059 3997 1154 4047 edition
1177 3999 1205 4047 of
1227 4000 1270 4049 the

321 4059 426 4109 dressed
441 4066 467 4109 to
479 4061 521 4111 the
532 4061 632 4111 sheriffs
642 4061 780 4112 oi·Somer-
805 4079 875 4114 same
886 4065 967 4128 Rolls,
978 4081 1006 4127 p.
1018 4063 1076 4116 lod.

322 4134 369 4191 set,
381 4129 484 4191 Donet,
495 4136 543 4182 etc.
555 4131 664 4194 intitled,
674 4132 731 4181 ‘De
743 4134 781 4180 in·

321 4199 455 4258 quisitione
466 4200 584 4251 facienda
595 4211 672 4263 super
682 4203 781 4252 damnis
840 4200 965 4273 ⁸Tertio]
984 4203 1135 4267 ‘Secunda’
1150 4209 1180 4258 Ο.
