2858 4876
411 414 552 465 enonas
576 406 846 469 nrsronmnnn‘.
1035 400 1100 471 145

148 567 275 652 elapsis
291 574 455 637 trecentis
472 575 529 640 vel
547 596 588 641 eo
610 579 757 661 amplius
774 579 887 656 annis,
904 572 1011 662 ¹papa
1034 580 1098 645 Ni·
1112 599 1168 640 nn.
1179 601 1234 639 rua

148 667 278 746 colans,
305 670 351 735 ad
375 672 578 740 instantiam
605 676 819 742 Turonensis
848 680 1098 765 archiepiscopi

147 766 237 833 hunc
267 771 386 835 volens
417 793 580 839 revocare
611 797 773 856 errorem,
803 779 990 857 Salomoni,
1021 782 1100 846 Bri·

148 873 266 933 tonum
294 871 380 953 regi,
402 874 540 956 scripsit
566 877 760 958 epistolam,
786 881 925 961 quaein
951 880 1098 947 decretis

149 965 309 1032 Gratiani
331 973 539 1054 continetur,
561 995 675 1041 causae
700 978 747 1042 iii.
770 980 961 1062 quaestione
977 979 1012 1058 6,
1033 982 1097 1044 sub

147 1065 212 1132 hac
227 1067 358 1151 forma;

307 1244 451 1332 spemin
467 1244 600 1311 Nicolzi
607 1266 704 1332 pape
717 1245 754 1309 de
768 1245 872 1311 eodem
889 1268 932 1309 re.

193 1368 302 1434 ‘Haec
320 1372 449 1455 quippe
470 1377 523 1434 est
545 1369 629 1435 dicti
651 1371 761 1453 patris
784 1371 835 1434 tui
858 1370 1043 1448 ordinatio,
1061 1380 1096 1437 et
1109 1385 1182 1426 better

150 1468 223 1551 hoec
248 1478 302 1534 est
328 1470 387 1534 lex
415 1469 570 1534 ecclesiae
602 1472 724 1534 matris
751 1476 834 1548 tuae,
859 1470 1032 1548 videlicet,
1058 1479 1096 1536 ut
1109 1437 1210 1526 iffi·
1221 1486 1239 1525 1·

149 1588 267 1633 omnes
282 1568 464 1652 episcopos
479 1570 577 1651 regni
600 1570 651 1633 tui
668 1569 711 1633 ad
729 1569 966 1635 Turonensem
984 1571 1096 1635 archi·
1109 1537 1198 1586 ψη

148 1668 346 1752 episcopum
374 1669 510 1734 mittere
534 1689 604 1733 non
630 1668 814 1747 detractes,
841 1669 1052 1753 ipsiusque
1036 1691 1096 1754 Ju-

148 1765 274 1833 dicinm
296 1770 474 1853 postulare
499 1789 567 1834 non
593 1768 810 1851 dedigneris3
836 1770 910 1852 ipse
935 1770 1024 1834 enim
1042 1779 1095 1835 est

147 1870 445 1953 metropolitanus,
463 1888 650 1952 omnesque
667 1869 820 1952 episcopi
837 1871 936 1951 regni
952 1870 1003 1934 tui
1019 1869 1095 1954 ejus

148 1968 358 2052 suffraganei
385 1976 480 2047 sunt,
504 1970 594 2034 sicut
616 1970 886 2051 conscriptiones
906 1969 1095 2052 praedeces-

149 2087 265 2133 sorum
287 2089 440 2133 meorum
460 2069 636 2133 evidenter
655 2069 853 2146 ostendunt,
876 2070 936 2150 qui
962 2070 1095 2152 praede·

146 2186 303 2234 cessores
318 2176 410 2246 tuos,
427 2169 509 2252 quia
521 2171 566 2233 ab
585 2170 662 2253 ejus
677 2169 758 2253 jure
777 2189 815 2233 se
835 2169 1096 2246 subtraxerunt,

148 2268 228 2333 sorti
258 2269 455 2333 invectione
485 2269 657 2352 corripere
686 2269 905 2345 studuerunt,
938 2270 1096 2350 quamvis

149 2388 212 2432 nec
241 2375 360 2433 nostra
387 2370 516 2452 scripta
544 2389 649 2451 super
674 2368 739 2432 hac
771 2389 807 2432 re
840 2368 945 2431 missa
977 2368 1096 2433 deesse

150 2468 355 2533 videantur!
395 2468 442 2533 Et
464 2468 573 2549 infra;
604 2467 720 2546 ‘Quia
745 2488 828 2533 vero
858 2488 997 2550 magna,
1019 2469 1096 2551 quis

148 2568 193 2632 sit
209 2568 507 2651 metropolitanus,
527 2567 619 2652 apud
637 2569 824 2633 Britannos
840 2570 1014 2633 contentio
1031 2577 1095 2646 est,

148 2667 344 2752 nulliusque
367 2676 484 2734 teneat
505 2669 671 2732 memoria
686 2689 748 2733 vos
771 2668 805 2731 in
822 2677 938 2732 vestra
956 2670 1095 2751 regione

146 2769 253 2833 ullam
275 2769 437 2834 habuisse
456 2769 670 2852 metropolim
687 2768 879 2845 ecclesiam,
898 2776 1013 2832 tamen
1031 2769 1096 2833 sibi

149 2869 245 2946 libet,
261 2872 446 2952 postquam
463 2869 560 2933 Deus
575 2869 792 2951 omnipotens
811 2888 930 2951 pacem
953 2868 1042 2932 inter
1062 2875 1096 2932 te

149 2976 184 3033 et
200 2968 363 3035 dilectum
378 2969 485 3033 filium
504 2977 659 3034 nostrum
678 2967 840 3032 Carolum
859 2988 974 3049 regem
991 2968 1096 3049 glori·

148 3088 246 3133 osum
264 3069 493 3147 constituerit,
508 3069 609 3134 facile
631 3069 696 3132 hoc
718 3069 875 3151 poteritis
896 3067 1095 3145 advertere;

148 3169 241 3252 quod
278 3170 308 3234 si
337 3169 423 3234 adeo
454 3170 702 3234 contentiosius
733 3187 837 3249 agere
869 3167 1020 3245 creditis,
1052 3168 1096 3233 ad

148 3269 382 3353 apostolatum
397 3269 570 3334 destinare
592 3268 800 3345 contendite,
824 3274 995 3350 quatenus
1019 3286 1099 3330 nos-

149 3375 204 3433 tro
218 3368 409 3448 libramine,
425 3390 503 3453 quae
519 3371 565 3433 sit
581 3369 673 3452 apud
691 3388 753 3432 vos
776 3368 968 3451 antiquitus
985 3366 1097 3430 archi-

150 3470 356 3553 episcopalis
382 3470 539 3547 ecclesia,
565 3470 641 3533 lnce
671 3469 798 3533 clarius
825 3468 1031 3544 innotescat,
1062 3476 1098 3530 et

149 3569 323 3654 deinceps,
348 3570 441 3634 omni
466 3570 692 3651 ambignitate
721 3569 842 3644 recisa,
871 3586 974 3650 quam
999 3566 1097 3648 sequi

149 3670 301 3753 episcopi
322 3670 430 3734 vestri
452 3670 600 3734 debeant
621 3669 862 3732 incunctanter
881 3666 1097 3748 agnoscant!

149 3769 228 3833 'rari
249 3769 368 3852 itaque
390 3770 465 3852 regi
486 3770 631 3852 praelato
650 3768 743 3832 facta
763 3767 1008 3843 admonitione,
1027 3785 1097 3831 non

149 3869 227 3934 ideo
252 3868 386 3935 destitit
410 3870 455 3934 ab
479 3869 655 3950 incoeptis,
681 3868 742 3931 sed
771 3887 906 3949 semper
935 3867 1097 3948 deinceps

147 3977 219 4033 tam
235 3970 310 4052 ipse
332 3988 436 4053 qnam
457 3968 533 4052 ejus
557 3987 772 4031 successores
798 3967 1025 4049 perstiterunt
1043 3985 1098 4028 re-

185 4157 273 4225 ιΡαῙκι
284 4161 429 4225 Nicotaus]
454 4162 524 4223 Pope
542 4160 610 4210 John
636 4159 683 4208 col.
696 4163 753 4208 803.
788 4156 1099 4222 CompareRaynald,ad

147 4232 175 4281 in
191 4230 294 4283 noaret.
305 4231 422 4282 Gran‘un.
441 4231 525 4282 Paris.
538 4234 613 4293 1612,
637 4244 679 4279 an.
694 4233 767 4293 119⁰,
778 4226 791 4294 §
803 4234 844 4281 52.

193 4322 273 4371 VOla.
292 4321 347 4371 lll.
929 4320 950 4365 1¹
