2858 4876
426 417 566 465 rnoans
589 417 859 468 ursroamauu.
1051 408 1117 472 333

164 585 220 640 tus
244 576 498 653 exterminatis
522 578 589 659 ipsi
607 578 687 662 jure
705 585 873 661 perpetuo
890 586 1017 643 terram
1036 601 1115 663 pos-
1127 597 1182 637 nn.
1195 599 1250 637 121⁵.

163 677 334 754 siderent3
360 677 502 740 dederat
523 697 671 759 namque
690 677 769 741 duci
789 698 907 742 eorum
927 700 1003 756 rex,
1022 681 1114 746 dicto

165 776 311 858 Hugoni
342 776 384 839 de
415 777 544 853 Boves,
576 777 773 858 provincias
806 777 849 841 de
881 778 1045 842 Nortsolk
1080 789 1115 845 et

163 869 332 953 suthfolc,
349 882 389 939 ut
406 875 499 939 sama
521 876 651 954 retulit,
669 897 730 958 per
747 877 902 941 chartam
924 898 1034 956 suam,
1054 881 1115 943 sed

164 977 279 1056 gratia
303 976 422 1039 diviua
451 994 568 1039 eorum
599 976 780 1039 consilium
807 978 843 1039 in
875 977 997 1041 melius
1023 999 1115 1042 com-

164 1076 323 1139 mutavit.
376 1075 443 1139 Sed
467 1083 635 1140 eteorum
658 1095 749 1140 mors
765 1095 841 1139 cum
866 1077 910 1140 ad
932 1079 1024 1159 regis
1040 1079 1115 1142 An-

165 1175 299 1256 glorum
324 1175 482 1239 notitiam
505 1175 730 1257 pervenisset,
750 1176 802 1238 ira
820 1177 1014 1248 vehementi
1037 1197 1114 1242 suc·

165 1294 288 1338 census
313 1276 368 1337 die
395 1275 456 1338 illo
483 1275 597 1338 cibum
624 1275 757 1339 nullum
788 1278 947 1358 sumpsit,
973 1277 1033 1339 sed
1057 1297 1114 1340 us-

166 1394 232 1455 que
250 1374 294 1437 ad
312 1393 491 1457 vesperam
509 1375 610 1456 quasi
626 1376 784 1439 invectus
806 1375 896 1440 furia
912 1377 1113 1458 permansit.

270 1551 320 1614 Dc
335 1551 474 1634 captione
491 1552 587 1615 castri
601 1552 752 1634 Rqffcosc‘s
770 1561 799 1615 ct
815 1552 1008 1635 captiuorum

513 1651 766 1715 incarceratione.

217 1774 346 1838 Eodem
366 1783 531 1857 tempore,
555 1795 631 1838 cum
654 1777 800 1839 barones
819 1776 959 1857 Angliae
978 1775 1113 1840 Willel-
1127 1793 1244 1833 aaaron

167 1894 259 1938 mum
283 1875 326 1938 do
348 1874 518 1939 Albeneio
541 1882 576 1938 et
593 1875 668 1958 ejus
692 1877 804 1939 socios
826 1875 863 1937 in
885 1883 1000 1939 castro
1027 1876 1114 1939 Ros·
1127 1844 1192 1883 ωηο
1205 1843 1275 1883 ”ken'

167 1974 253 2037 sensi
274 1983 511 2056 cognoverunt
531 1977 701 2052 obsessos,
722 1976 914 2057 perturbati
940 1983 1021 2038 sunt
1039 1976 1113 2039 val·

167 2075 221 2151 de,
256 2075 350 2156 quia,
379 2083 565 2157 antequam
597 2075 709 2138 dictus
736 2075 933 2138 Willelmus
962 2082 1114 2138 castrum

167 2174 300 2255 ingredi
328 2175 444 2251 vellet,
474 2175 679 2258 juraverant
705 2174 789 2238 dicti
820 2177 980 2252 barones,
1010 2175 1113 2238 tactis

166 2275 395 2338 sacrosanctis
414 2275 615 2356 evangeliis
636 2274 741 2356 quod,
760 2276 789 2337 si
807 2275 922 2358 ipsum
939 2274 1113 2356 continge

167 2380 220 2437 ret
235 2373 395 2450 obsideri,
414 2375 482 2455 ipsi
503 2393 620 2438 omnes
641 2374 853 2437 obsidionem
874 2375 1112 2438 dissolverent.

169 2473 219 2538 Ut
240 2493 322 2554 ergo
347 2472 478 2556 aliquid
504 2492 607 2555 agere
630 2473 830 2537 viderentur
854 2480 996 2555 propter
1015 2474 1114 2556 jura·

168 2580 320 2636 mentum
349 2579 384 2635 et
407 2573 487 2636 fidei
513 2574 744 2655 sponsionem,
772 2574 815 2636 ad
844 2593 940 2636 arma
965 2593 1115 2636 commu-

169 2673 257 2736 niter
274 2674 515 2750 convolarunt,
538 2680 573 2736 et
594 2672 637 2736 ad
656 2673 775 2737 villam
796 2674 837 2737 de
857 2673 1035 2737 Dertefort
1050 2673 1115 2737 iter

168 2773 382 2854 arripientes,
400 2773 498 2855 quasi
521 2773 732 2837 obsidionem
753 2775 883 2856 regiam
901 2793 969 2836 uno
984 2775 1114 2856 impetu

168 2873 336 2951 soluturi3
361 2872 433 2949 sed,
455 2874 615 2937 obstante
633 2874 804 2937 frontibus
826 2892 944 2937 eorum
967 2873 1114 2937 clemen·

169 2972 301 3036 tissimo
330 2973 474 3036 australi
500 2979 617 3049 vento,
645 2975 704 3055 qui
731 2973 816 3036 nulli
848 2974 1013 3036 molestus
1040 2992 1114 3035 esse

168 3072 359 3148 consuevit,
385 3073 485 3154 quasi
519 3071 643 3152 gladiis
673 3072 893 3136 obviantibus
923 3073 1114 3154 repercussi

169 3171 422 3253 expeditionem
440 3171 602 3235 deserunt
619 3171 834 3250 inchoatam3
859 3178 905 3247 et,
922 3190 998 3233 cum
1016 3191 1114 3234 max-

168 3273 236 3335 ime
271 3291 340 3334 non
373 3273 419 3335 sit
451 3272 543 3335 omni
577 3271 675 3335 flatui
713 3272 913 3347 cedendum,
939 3270 1115 3334 Willelmo

168 3378 241 3435 tum
272 3372 413 3435 obsesso
440 3371 584 3455 ejusque
611 3372 714 3434 sociis
740 3377 840 3452 terga
866 3376 1041 3433 vertentes
1071 3369 1114 3432 ad

169 3479 254 3534 nota
279 3470 425 3534 latibula
456 3477 660 3533 remearunt.
714 3470 860 3533 Reversi
885 3489 967 3534 vero
991 3469 1114 3533 civita-

169 3578 238 3634 tem
267 3570 523 3633 Londoniarum
548 3570 676 3650 optime
703 3571 875 3645 muniunt,
898 3570 941 3632 ad
973 3571 1115 3633 damno-

169 3691 243 3734 sam
257 3670 415 3734 ludentes
430 3671 553 3745 aleam,
568 3677 603 3733 et
616 3670 747 3751 optima
762 3689 907 3751 quaeque
919 3670 1000 3733 vina
1008 3670 1116 3752 juxta

168 3772 368 3853 eligentium
387 3777 470 3834 vota
492 3776 665 3851 potantes,
688 3777 723 3832 et
740 3777 867 3832 caetera
888 3769 966 3851 quis
985 3770 1117 3832 nesciat

168 3878 381 3947 exercentes,
410 3868 592 3933 Roffenses
624 3869 783 3932 obsessos
810 3869 1022 3950 reliquerunt
1047 3868 1115 3930 dis·

169 3971 302 4034 crimini
326 3970 446 4032 mortis
470 3968 649 4050 expositos
676 3976 711 4031 et
730 3969 767 4031 in
790 3969 882 4032 omni
903 3967 1116 4030 miseriarum

169 4091 293 4152 genere
316 4069 558 4132 constitutos·
589 4068 736 4150 Nempe,
755 4088 832 4130 cum
852 4066 974 4130 fuisset
992 4086 1014 4129 a
1035 4085 1116 4146 rege

170 4176 395 4254 compertum,
423 4188 526 4251 quam
555 4187 720 4250 pompose
747 4169 893 4231 barones
922 4166 965 4239 ad
993 4166 1116 4228 dissol-
