2858 4876
415 404 554 453 ruoaus
577 405 849 455 fflsronmnuu.
1049 389 1115 454 283

163 559 244 625 dum
270 559 439 644 obligavit
464 563 616 645 seipsum
642 564 732 628 idem
759 583 821 628 rex
849 583 911 646 per
936 564 1114 646 proprium
1128 582 1251 622 annua

160 661 396 746 juramentum
425 670 461 727 et
480 682 544 746 per
571 664 690 729 literas
719 670 879 745 patentes
911 664 1027 745 sigillo
1053 683 1116 729 suo

165 761 328 840 munitas,
344 762 484 829 '‘necnon
504 783 566 847 per
591 763 847 847 fidejussionem
865 762 1117 828 Wiutouiensis

165 867 202 925 et
221 860 456 928 Ncrwicensis
479 864 730 947 episcoporum,
747 861 941 929 Castrensis
965 873 1001 927 et
1014 862 1117 928 Win-

165 961 333 1026 toniensis
363 968 399 1028 ct
422 961 589 1028 Willelmi
618 964 652 1027 M
659 962 842 1028 areschalli
867 961 1043 1040 comitum,
1065 963 1117 1027 ita

166 1061 259 1142 quod
284 1069 356 1127 tam
381 1061 536 1129 haeredes
561 1063 671 1146 ipsius
692 1064 784 1146 rogis
807 1081 913 1146 qnam
938 1080 1116 1126 successo·

166 1179 222 1226 res
243 1180 363 1227 eorum
381 1163 458 1244 pari
479 1161 690 1244 obligatione
703 1165 913 1228 tenebuntur
927 1162 1116 1227 constricti.

168 1258 343 1338 Quocirca
361 1281 423 1345 per
442 1263 635 1344 apostolica
651 1263 713 1329 tibi
734 1262 865 1345 scripta
886 1262 1118 1345 praecipiendo

168 1360 384 1440 mandamus,
423 1369 596 1444 quatenus
633 1362 820 1428 secundum
853 1363 999 1428 formam
1027 1381 1118 1444 prae·

167 1461 333 1542 scriptam
356 1461 540 1544 procedere
563 1482 633 1532 non
652 1471 853 1546 postponas,
873 1463 941 1527 uisi
961 1461 1004 1526 de
1024 1480 1119 1526 mera

168 1566 203 1623 et
224 1558 334 1625 libera
355 1561 535 1626 voluntate
559 1570 677 1644 partes
704 1563 806 1628 aliter
833 1562 998 1627 duxerint
1024 1581 1118 1625 eom-

167 1660 373 1740 poneudum.
424 1662 556 1729 Datum
574 1661 750 1740 Laterani,
770 1662 989 1745 pontificatus
1009 1661 1118 1726 nostri

168 1777 260 1826 anuo
274 1760 424 1844 [decimo
439 1761 580 1842 sext0].'

417 1936 467 2001 De
480 1937 670 2002 restitutione
683 1934 868 2002 abacorum.

219 2057 391 2141 Tempore
420 2079 503 2124 vero
536 2080 605 2142 quo
640 2059 817 2136 Nicolaus,
850 2056 1120 2123 Tusculanensis
1133 2080 1277 2122 cousensus

169 2157 351 2240 episcopus
366 2165 401 2222 et
412 2158 614 2242 apostolicae
630 2160 721 2224 sedis
739 2159 888 2241 legatus,
902 2177 964 2240 per
979 2157 1119 2220 nuntios
1132 2131 1283 2231 ilfflffb'

168 2265 377 2322 memoratos
394 2258 524 2322 domini
548 2278 650 2342 papae
671 2259 907 2323 authenticum
927 2263 1119 2340 acceperat,
1132 2234 1208 2284 Μ’·

168 2376 233 2420 rex
249 2356 441 2439 Anglorum
457 2364 532 2423 erat
548 2360 584 2422 iu
600 2359 756 2440 partibus
777 2357 1035 2434 transmarinis3
1059 2356 1120 2419 sed

169 2455 333 2539 quoniam
349 2457 440 2521 idem
456 2477 533 2535 rex,
550 2460 588 2521 in
610 2477 748 2522 recessu
770 2477 834 2522 suo
858 2458 901 2520 ab
918 2455 1060 2537 Anglia,
1074 2456 1122 2519 le·

170 2555 254 2639 gato
283 2557 358 2639 jam
385 2556 478 2621 dicto
511 2565 546 2622 et
569 2557 746 2623 Willelmo
773 2554 1006 2620 Mareschallo
1029 2553 1122 2620 vices

171 2673 252 2720 suas
269 2655 306 2719 in
322 2656 387 2720 boc
403 2658 544 2739 negotio
562 2658 793 2734 commiserat,
817 2655 907 2719 idem
929 2655 1067 2737 legatus
1085 2655 1122 2719 iu

169 2756 255 2818 urbe
270 2754 526 2820 Londoniarum
543 2758 636 2839 apud
651 2766 809 2821 sanctum
825 2756 975 2820 Paulum
991 2754 1123 2836 grande

172 2856 399 2938 congregavit
422 2857 615 2935 concilium,
631 2858 702 2935 ubi,
718 2855 938 2938 congregatis
953 2853 1123 2936 archiepi-

172 2956 299 3038 scopis,
316 2956 499 3039 episcopis,
517 2958 712 3034 abbatibus,
725 2957 910 3040 prioribus
928 2954 1123 3031 comitibus,

172 3056 359 3119 baronibus
391 3063 427 3120 et
453 3057 530 3120 aliis
561 3058 605 3122 ad
638 3057 703 3121 hoc
743 3057 919 3139 negotium
948 3053 1123 3118 interdicti

172 3155 419 3237 spectantibus,
448 3157 629 3239 proposuit
659 3175 776 3221 coram
798 3155 956 3220 omnibus
977 3153 1123 3217 formam

174 3255 404 3320 restitutionis
429 3274 535 3338 super
560 3257 687 3322 ablatis
715 3264 750 3322 et
771 3255 906 3320 damnis
938 3273 960 3317 a
984 3254 1123 3318 domino

174 3373 279 3437 papa,
295 3355 453 3437 partibus
471 3357 780 3433 consentientibus,
797 3355 920 3420 Romae
935 3352 1123 3437 provisam,

171 3454 377 3536 praecipiens
391 3462 604 3533 constanter,
620 3463 661 3520 ut
677 3456 926 3519 certificaretur
947 3453 991 3519 de
1013 3472 1124 3536 quan-

171 3554 274 3619 titate
301 3554 425 3619 solutae
451 3556 606 3637 pecuniae
629 3556 801 3637 episcopis
824 3562 859 3618 et
881 3554 958 3618 aliis
981 3553 1123 3635 quibus-

169 3653 295 3717 libata
313 3654 479 3718 ministris
498 3656 589 3737 regis
614 3674 722 3719 causa
742 3654 928 3731 interdicti,
951 3659 1122 3736 quatenus

171 3772 234 3835 per
255 3754 438 3836 pecuniam
458 3755 608 3819 solutam
628 3755 732 3820 sciret
748 3762 916 3838 quantum
938 3753 1122 3834 unicuique

172 3853 217 3917 ad
235 3853 439 3919 solvendum
456 3862 612 3919 restaret.
666 3855 856 3919 Probatum
873 3860 927 3919 est
940 3853 1047 3934 igitur
1060 3852 1125 3915 ibi-

172 3953 250 4016 dem
278 3960 373 4017 oerta
393 3955 664 4036 computatione,
686 3955 980 4037 archiepiscopum
1000 3961 1035 4016 et
1050 3971 1124 4013 mo·

171 4051 302 4116 nachos
325 4052 605 4132 cantuarienses
637 4054 740 4117 simul
771 4074 849 4117 cum
875 4051 1123 4127 Londonieusi,

173 4153 315 4231 Eliensi,
339 4152 600 4233 Herefordensi,
622 4153 860 4229 Batbonicnsi‚
878 4150 1125 4227 Lincolnicnsi,
