2858 4876
429 426 568 474 rnonns
592 426 861 474 ursroamnuu.
1070 412 1112 476 51

163 600 245 645 suos
287 583 412 646 acriter
442 583 645 648 invadentes
679 585 856 668 Rogerum
892 586 934 650 de
971 587 1110 664 Planes,
1124 600 1246 640 sunu·

163 682 275 744 virum
300 682 461 760 nobilem,
483 691 711 765 peremerunt.
763 685 930 769 Sequenti
951 706 1034 751 vero
1055 686 1111 750 die

166 780 290 844 Martis
316 781 406 845 idem
430 802 544 846 comes
568 803 647 847 cum
673 784 952 868 archiepiscopis
977 787 1111 868 episco-

163 881 228 961 pie,
258 881 441 945 comitibus
470 890 506 946 et
533 883 720 947 baronibus
749 884 786 947 in
815 885 967 967 capitulo
998 887 1110 949 sancti

165 978 267 1042 Pauli
282 988 529 1058 convenerunt,
545 1001 597 1059 ac,
614 990 783 1064 praesente
798 984 1014 1061 cancellario,
1030 991 1110 1066 post

163 1079 286 1159 longos
311 1086 482 1144 tractatus
499 1080 675 1145 Richardo
697 1083 771 1163 regi
793 1081 995 1147 fidelitatem
1014 1083 1110 1166 jura·

164 1184 310 1256 verunt;
344 1180 381 1241 in
403 1180 522 1260 primis
549 1199 664 1244 comes
690 1180 714 1244 J
716 1181 881 1258 ohanneS,
914 1202 955 1246 ac
985 1183 1109 1246 deinde

165 1277 234 1340 duo
267 1277 516 1361 archiepiscopi
549 1286 584 1343 et
612 1299 730 1342 omnes
759 1281 923 1363 episcopi,
950 1288 986 1345 et
1008 1287 1107 1363 quot-

165 1383 250 1458 quot
274 1385 508 1442 convenerant
534 1379 676 1442 comites
703 1386 740 1442 et
765 1381 923 1445 barones.
975 1380 1110 1443 Deinde

164 1469 235 1539 die¹
261 1475 363 1540 Jovis
387 1477 546 1559 proximo
574 1477 730 1542 habitum
754 1486 808 1542 est
832 1479 1041 1562 colloquium
1065 1480 1110 1543 ab

165 1574 324 1639 orientali
348 1583 446 1658 parte
474 1578 578 1640 turris
597 1577 860 1655 LondoniensiS,
883 1578 1109 1660 praesentibus

163 1676 385 1756 magnatibus
417 1676 584 1758 praefatis
616 1678 676 1740 ubi
706 1696 849 1741 assensu
878 1678 1110 1741 communium

164 1772 346 1838 diffinitum
374 1781 439 1852 est,
466 1782 506 1838 ut
530 1776 612 1840 talis
637 1775 680 1840 de
699 1784 825 1841 caetero
849 1777 886 1840 in
905 1797 1012 1858 regno
1033 1775 1108 1840 An-

164 1873 244 1953 gliae
263 1893 333 1937 non
348 1873 594 1952 dominaretur,
611 1894 674 1958 per
691 1895 794 1958 quem
813 1876 957 1940 ecclesia
974 1877 1042 1939 Dei
1064 1877 1109 1939 ad

163 1972 387 2052 ignominiam
415 1982 451 2038 et
475 1975 623 2057 populus
644 1976 687 2038 ad
707 1976 859 2057 inopiam
885 1975 1106 2054 trahebatur;
1156 2037 1160 2041 .

164 2072 238 2153 ipse
265 2073 355 2134 enim
386 2073 612 2137 cancellarius
638 2081 674 2137 et
698 2075 865 2137 satellites
891 2074 967 2156 ejus
990 2093 1123 2138 omnes.

164 2171 262 2251 regni
284 2171 425 2234 divitias
448 2173 499 2236 ita
522 2171 767 2248 exhauserant,
792 2180 833 2235 ut
851 2192 916 2235 nec
937 2173 1014 2236 viro
1033 2173 1107 2235 bal-

166 2268 283 2332 theum
310 2277 454 2351 argento
479 2268 686 2346 redimitum,
710 2289 773 2333 nec
795 2270 946 2334 foeminae
970 2271 1110 2346 monile,

164 2387 228 2432 nec
242 2369 442 2433 viro-nobili
461 2368 639 2445 annulum,
654 2369 710 2432 vel
731 2367 755 2431 J
757 2368 856 2432 udaeo
875 2370 1109 2452 relinquerent

165 2468 364 2532 thesaurum
375 2467 431 2530 vel
445 2466 615 2549 quidlibet
629 2468 788 2550 pretiosi3
813 2467 1012 2532 thesaurum
1028 2487 1111 2550 quo-

165 2587 233 2650 que
253 2566 382 2630 domini
404 2566 496 2648 regis
517 2567 604 2632 adeo
625 2574 891 2643 evacuaverant,
913 2567 1008 2630 utin
1026 2567 1111 2630 seri-

163 2667 229 2730 niis
261 2666 371 2748 ipsius
402 2673 463 2729 aut
494 2665 632 2731 clitellis
659 2667 744 2730 nibil
770 2673 898 2749 praeter
925 2667 1042 2730 claves
1074 2672 1110 2729 et

165 2784 251 2830 vasa
272 2784 386 2829 vacua
407 2773 551 2848 possent
577 2767 620 2830 de
642 2767 762 2848 elapso
786 2766 924 2828 biennio
949 2765 1109 2829 inveniri.

165 2865 347 2928 Provisum
367 2872 421 2928 est
444 2866 560 2941 etiam,
581 2872 622 2928 ut
636 2865 752 2928 omnia
770 2864 926 2941 castella,
944 2883 1023 2946 quae
1047 2883 1111 2945 pro

164 2965 264 3028 libitu
287 2983 351 3028 suo
373 2964 464 3027 idem
487 2963 712 3028 cancellarius
735 2963 902 3027 custodiae
922 2963 1111 3026 satellitum

164 3083 304 3128 suorum
334 3063 564 3138 commiserat,
589 3061 825 3140 redderentur,
856 3069 893 3126 et
922 3063 959 3125 in
990 3062 1111 3144 primis

162 3165 239 3246 ipsa
275 3163 380 3226 turris
415 3161 691 3241 Londoniensis3
731 3161 807 3225 baec
844 3169 960 3225 autem
995 3162 1111 3224 omnia

164 3260 393 3325 cancellarius
424 3281 462 3324 se
494 3260 667 3323 facturum
692 3261 837 3344 juravit.
885 3259 965 3323 Hiis
992 3259 1110 3342 itaque

165 3361 284 3443 gestis,
314 3360 369 3423 die
398 3359 500 3423 Jovis
530 3360 689 3441 proximo
717 3365 882 3440 sequente
909 3377 988 3421 cum
1017 3358 1111 3421 omni

166 3457 379 3541 supellectile
414 3476 480 3521 sua
516 3459 638 3522 turrim
678 3457 857 3540 egrediens
895 3457 987 3539 apud
1024 3457 1112 3519 Ber-

163 3557 396 3621 mundeseiam
426 3576 489 3638 per
526 3557 712 3620 Thamesin
752 3556 895 3619 fluvium
927 3556 1109 3633 transivit3

165 3657 239 3720 dati
265 3663 347 3720 sunt
375 3655 411 3718 in
438 3656 632 3721 obsidatum
661 3655 836 3719 Henricus
864 3662 900 3718 et
928 3654 1111 3729 osbertus,
1214 3672 1217 3677 ·

163 3756 287 3820 fratres
310 3754 398 3838 ejuS,
419 3774 597 3839 quousque
614 3754 758 3818 castella
777 3754 1012 3830 redderentur,
1031 3772 1111 3816 nam

164 3863 200 3919 et
216 3857 290 3937 ipse
303 3853 437 3938 juravit
453 3855 545 3937 quod
568 3861 649 3918 ante
671 3861 863 3918 castrorum
885 3852 1112 3916 redditionem

164 3974 233 4017 non
250 3955 362 4017 exiret
376 3973 398 4018 a
411 3973 530 4034 regno.
579 3952 714 4016 Deinde
731 3952 955 4018 Cantuariam
969 3952 1112 4015 veniens

339 4183 345 4212 ¹
356 4186 406 4236 Die
413 4186 485 4236 doeio
493 4181 627 4254 proxima]
646 4186 700 4235 The
710 4186 768 4235 loth
781 4186 809 4234 of
815 4186 935 4236 October.

951 4273 1007 4318 32
