2858 4876
426 399 566 448 monus
589 399 859 449 nrsrorurauu.
1049 384 1116 448 315

169 552 213 616 ad
249 554 477 632 vendendum,
508 554 667 636 quamvis
700 554 780 617 inde
814 555 947 630 vivant,
983 555 1115 617 nullum
1128 573 1183 612 nn.
1195 574 1250 613 121⁵.

169 651 363 716 decaetero
391 653 473 717 dent
499 652 763 733 cheminagium.
815 652 871 716 De
894 653 1008 716 boscis
1029 623 1239 716 alio-{22³⁰

168 768 244 812 rum
268 751 400 814 nullum
426 751 526 816 detur
550 752 803 832 cheminagium
825 751 1017 815 forestariis
1037 771 1117 815 nos·

169 848 244 924 tria,
277 858 508 931 praeterquam
545 851 589 914 de
618 850 797 914 dominicis
828 850 941 914 boscis
976 850 1116 915 nostris.

170 945 299 1010 Omnes
335 949 484 1031 utlagati
518 968 581 1031 pro
612 948 755 1025 foresta,
787 967 809 1010 a
840 957 993 1030 tempore
1023 950 1117 1029 regis

171 1044 317 1110 Henrici
344 1047 404 1111 avi
430 1048 541 1112 nostri
566 1067 675 1129 nsque
705 1047 749 1111 ad
776 1047 921 1129 primam
946 1048 1118 1111 coronati·

170 1163 271 1207 onem
299 1154 465 1223 nostram,
492 1148 634 1210 veniant
657 1146 703 1210 ad
727 1165 847 1228 pacem
873 1146 947 1209 sine
975 1145 1119 1227 impedi·

168 1249 296 1322 mento,
319 1250 355 1307 et
375 1246 492 1308 salvos
515 1245 649 1327 plegios
670 1245 859 1319 inveniant,
879 1245 971 1327 quod
991 1244 1034 1307 de
1052 1263 1118 1308 cae·

169 1348 244 1404 tero
280 1362 351 1405 non
381 1342 592 1407 forisfacient
621 1342 720 1406 nobis
753 1343 796 1405 de
827 1343 956 1406 foresta
985 1349 1116 1406 nostra.

172 1438 300 1504 Nullus
324 1441 534 1505 castellanus
558 1441 614 1505 vel
639 1442 729 1506 alius
748 1448 866 1504 teneat
885 1427 1117 1522 placitum'de

169 1535 310 1616 foresta,
341 1541 415 1604 sive
446 1541 488 1604 de
522 1539 623 1604 viridi
656 1541 730 1603 sive
761 1540 803 1602 de
833 1540 1028 1615 venatione,
1056 1540 1117 1602 sed

169 1637 314 1717 quilibet
329 1636 532 1702 forestarius
553 1639 596 1701 de
616 1638 716 1702 feodo
737 1638 905 1703 attachiet
921 1636 1051 1720 placita
1073 1638 1116 1701 de

170 1733 312 1820 foresta,
344 1744 416 1800 tam
447 1739 490 1801 de
521 1738 622 1801 viridi
650 1757 754 1819 quam
783 1737 825 1800 de
859 1737 1052 1813 venatione,
1082 1743 1119 1800 et

170 1851 212 1896 ea
241 1843 428 1917 praesentet
456 1836 627 1900 viridariis
650 1836 928 1918 provinciarum
963 1842 1010 1910 et,
1035 1853 1117 1898 cum

171 1931 361 1998 irrotulata
397 1934 525 1999 fuerint
555 1941 590 2000 et
625 1936 690 1998 sub
725 1934 847 2016 sigillis
879 1932 1117 1997 viridariorum

170 2029 316 2109 inclusa,
339 2040 592 2115 praesententur
616 2032 758 2114 capitali
779 2032 960 2096 forestario
982 2049 1059 2093 cum
1080 2031 1117 2093 in

168 2137 286 2210 partes
306 2131 385 2195 illas
406 2133 539 2197 venerit
559 2133 604 2196 ad
626 2131 810 2198 tenendum
831 2131 960 2213 placita
977 2129 1117 2193 forestae

169 2235 206 2291 et
231 2249 348 2293 coram
379 2249 420 2294 oo
449 2232 684 2296 terminentur.
737 2230 866 2294 Omnes
893 2234 1008 2293 autem
1033 2247 1116 2290 con-

169 2330 369 2402 suetudines
388 2331 571 2412 praedictas
594 2336 629 2394 et
645 2330 834 2405 libertates,
850 2346 937 2410 quas
954 2345 1017 2389 nos
1032 2345 1115 2388 con·

169 2427 334 2491 cessimus
351 2429 389 2491 in
404 2448 511 2510 regno
529 2429 695 2492 tenendas
715 2434 884 2509 quantum
899 2425 943 2490 ad
959 2443 1022 2487 nos
1039 2442 1116 2506 per-

167 2526 255 2588 tinet
277 2545 362 2608 erga
382 2535 533 2604 nostros,
549 2546 667 2590 omnes
691 2526 734 2589 de
758 2545 866 2606 regno
888 2530 1019 2599 nostro,
1043 2529 1114 2586 tam

165 2624 245 2687 laici
261 2643 364 2706 quam
385 2627 513 2703 clerici,
531 2628 714 2690 observent
729 2630 898 2706 quantum
919 2622 963 2686 ad
980 2640 1018 2685 se
1037 2639 1115 2703 per-

165 2723 253 2787 tinet
268 2742 352 2804 erga
372 2723 476 2788 suos.'

175 2880 177 2884 ’
225 2897 275 2960 De
290 2895 404 2981 oipinti
417 2896 549 2981 quinque
563 2894 739 2974 baronibus,
753 2895 809 2981 qui
825 2893 980 2958 contituti
993 2902 1065 2957 sunt

295 3016 317 3059 a
333 3017 400 3080 repe
414 2995 617 3059 emadatorea
633 2995 731 3080 lapara
739 2993 976 3078 predictorum.

216 3117 326 3182 ‘Cum
355 3126 472 3182 autem
500 3137 563 3200 pro
587 3118 678 3196 Deo,
704 3126 740 3182 et
768 3117 812 3180 ad
841 3116 1114 3180 emendationem
1128 3132 1268 3222 {gne-ne

165 3219 265 3300 regni
280 3217 403 3294 nostri,
423 3224 458 3281 et
472 3217 516 3280 ad
540 3218 663 3281 melius
685 3215 885 3298 sopiendam
908 3214 1113 3277 discordiam
1128 3193 1248 3280 malinii

1128 3291 1188 3329 carry
1194 3285 1231 3320 out

166 3317 258 3380 inter
276 3335 339 3379 nos
366 3323 402 3380 et
424 3318 573 3380 barones
597 3323 733 3380 nostros
759 3320 881 3389 ortam,
907 3311 982 3375 haec
999 3313 1115 3375 omnia
1128 3330 1208 3420 phau:

167 3416 448 3492 concesserimus,
463 3415 620 3480 volentes
635 3433 678 3478 ea
693 3415 829 3493 integra
844 3418 880 3475 et
895 3411 994 3474 firma
1009 3411 1114 3474 stabi·
1207 3404 1212 3415 '

167 3513 266 3579 litate
282 3515 444 3595 gaudere,
465 3513 611 3577 facimus
628 3521 663 3577 et
680 3511 899 3576 concedimus
921 3509 971 3573 eis
989 3509 1114 3573 securi·

166 3620 273 3676 tatem
301 3612 544 3694 subscriptam,
567 3612 738 3688 videlicet,
764 3609 856 3691 quod
884 3611 1031 3672 barones
1053 3605 1115 3670 eli-

166 3718 252 3792 gant
279 3711 405 3791 vigiuti
433 3711 585 3792 quinque
611 3710 757 3774 barones
781 3708 823 3771 de
851 3727 957 3788 regno
981 3713 1112 3782 nostro,

166 3828 254 3891 quos
273 3809 457 3885 voluerint,
480 3809 541 3891 qui
558 3809 704 3872 debeant
718 3827 782 3890 pro
796 3807 879 3870 totis
897 3805 1026 3870 viribus
1041 3805 1113 3866 suis

166 3910 361 3984 observare,
384 3915 502 3971 tenere
529 3915 566 3971 et
586 3907 699 3971 facere
724 3905 901 3970 observari
930 3922 1050 3987 pacem
1078 3909 1114 3966 et

79 4043 90 4063 ·
163 4007 354 4083 libertates,
370 4025 457 4088 quas
480 4006 530 4070 eis
553 4006 783 4070 concessimus
806 4011 841 4067 et
863 4004 928 4066 hac
950 4002 1114 4084 praesenti

164 4107 286 4170 charta
302 4113 422 4169 nostra
435 4106 726 4181 confirmavimus,
743 4105 794 4168 ita
812 4103 955 4179 scilicet,
973 4099 1066 4183 quod
1084 4101 1115 4165 si
