2858 4876
416 391 556 438 necans
579 391 848 440 msronmnun.
1047 378 1112 442 307

165 546 247 608 dum
275 547 453 625 moriatur,
478 555 514 612 et
536 549 727 630 vicecomes
749 549 805 612 vel
825 548 973 614 ballivus
996 559 1113 615 noster
1123 569 1179 608 nn
1189 571 1246 609 mr.

164 644 283 708 literas
314 652 452 710 nostras
479 647 641 712 ostendat
660 654 819 729 patentes
841 648 883 711 dc
909 619 1206 714 submoniti-iffi

165 763 232 806 one
248 751 368 808 nostra
381 744 424 808 de
437 745 553 810 debito
567 745 658 828 quod
671 745 855 809 defunctus
868 748 967 811 nobis
982 748 1112 826 debuit,

164 842 270 905 liceat
286 843 480 909 vicecomiti
499 844 555 908 vel
577 844 706 909 ballivo
728 852 847 909 nostro
870 846 1061 910 attachiare
1077 857 1113 913 et

165 940 369 1006 imbreviare
392 943 520 1006 catalla
537 942 692 1008 defuncti
712 943 856 1007 inventa
873 945 910 1006 in
932 944 1022 1009 laico
1038 946 1110 1010 feo·

165 1038 210 1102 do
237 1039 282 1103 ad
307 1041 493 1104 valentiam
518 1041 612 1104 illius
634 1042 741 1106 debiti
766 1043 963 1124 pervisum
989 1044 1112 1124 legali·

166 1156 224 1200 um
251 1137 439 1216 hominum,
463 1141 515 1204 ita
536 1146 652 1204 tamen
678 1141 769 1223 quod
799 1140 883 1203 nihil
910 1141 989 1204 inde
1016 1162 1112 1206 amo-

166 1242 288 1300 veatur
318 1237 427 1302 donec
459 1240 678 1320 persolvatur
707 1239 859 1302 debitum
889 1240 988 1302 nobis
1019 1242 1112 1321 quod

165 1334 296 1397 clarum
314 1336 429 1414 fuerit,
449 1344 484 1400 et
500 1339 672 1402 residuum
690 1337 905 1417 relinquatur
920 1341 1113 1402 executori·

165 1434 231 1497 bus
253 1434 296 1498 ad
326 1424 787 1500 faciendum'testamentum
809 1435 984 1514 defuncti;
1013 1445 1059 1513 et,
1082 1439 1112 1500 si

167 1532 216 1595 nil
244 1533 343 1597 nobis
375 1535 541 1599 debeatur
563 1536 606 1598 ab
639 1535 729 1617 ipso,
760 1535 876 1597 omnia
903 1535 1032 1598 catalla
1056 1556 1112 1598 cc·

167 1629 252 1694 dant
273 1631 448 1711 defuncto,
481 1633 588 1698 salvis
616 1632 717 1696 uxori
741 1633 816 1716 ejus
842 1639 877 1696 et
899 1635 1015 1715 pueris
1040 1636 1112 1697 suis

166 1731 428 1795 rationabilibus
450 1733 607 1815 partibus
633 1731 717 1794 suis.
771 1730 901 1795 Nullus
927 1734 1113 1796 constabu-

165 1827 272 1891 larius
303 1831 359 1894 vel
395 1830 544 1894 ballivus
577 1849 660 1893 suus
694 1830 810 1912 capiat
830 1829 935 1892 blada
957 1831 1013 1893 vel
1044 1831 1114 1894 alia

165 1928 295 1990 catalla
314 1928 473 2011 alicujus,
492 1929 552 2010 qui
574 1949 643 1992 non
666 1929 712 1993 sit
725 1928 768 1990 de
783 1927 866 1991 villa
883 1928 942 1990 ubi
959 1935 1112 1991 castrum

166 2027 272 2090 situm
294 2028 353 2104 sit,
380 2027 447 2090 nisi
476 2028 595 2090 statim
623 2026 702 2090 inde
728 2025 849 2090 reddat
870 2024 1029 2089 denarios
1052 2036 1112 2091 aut

166 2133 360 2207 respectum
382 2125 461 2188 inde
487 2125 614 2200 habeat
635 2126 677 2188 de
699 2126 879 2189 voluntate
902 2124 1110 2204 venditoris;

166 2224 197 2287 si
216 2230 333 2287 autem
355 2224 398 2288 de
420 2225 505 2289 villa
531 2225 608 2306 ipsa
630 2224 745 2299 fuerit,
765 2222 856 2286 inira
881 2223 1114 2304 quadraginta

166 2320 240 2386 dies
263 2323 410 2404 pretium
427 2323 562 2387 reddat.
615 2322 744 2386 Nullus
766 2322 1042 2386 constabularius
1061 2322 1114 2385 di·

165 2421 317 2502 stringat
338 2423 481 2486 militem
515 2422 665 2504 aliquem
691 2420 735 2484 ad
769 2420 920 2483 dandum
953 2421 1113 2484 denarios

167 2539 231 2601 pro
254 2521 413 2584 custodia
439 2521 557 2598 castri,
581 2522 610 2584 si
635 2521 710 2602 ipse
735 2537 812 2582 eam
833 2519 946 2582 facere
967 2519 1115 2582 voluerit

166 2619 203 2680 in
227 2618 369 2701 propria
389 2638 538 2701 persona
570 2638 646 2695 sua,
669 2617 726 2682 vel
752 2616 941 2699 paralium
968 2618 1114 2699 probum

166 2714 349 2793 hominem,
379 2718 410 2781 si
442 2718 516 2799 ipse
549 2736 625 2780 eam
659 2714 773 2779 facere
807 2735 877 2778 non
910 2716 1022 2797 possit
1052 2736 1114 2798 per

166 2816 406 2880 rationabilem
424 2835 565 2880 causam
580 2835 589 2894 3
613 2826 660 2889 et,
676 2815 706 2876 si
723 2833 786 2877 nos
803 2813 1002 2877 duxerimus
1019 2807 1113 2876 ¹eum

167 2913 222 2978 vel
245 2914 439 2977 miserimus
459 2915 495 2977 in
517 2914 719 2988 exercitum,
737 2913 803 2975 erit
819 2913 956 2994 quietus
976 2912 1018 2975 de
1038 2931 1114 2975 cus·

166 3011 275 3090 todia,
300 3013 487 3078 secundum
512 3012 742 3098 quantitatem
764 3012 930 3093 temporis
956 3029 1025 3092 quo
1053 3014 1115 3092 per

168 3129 233 3175 nos
263 3111 427 3176 fueritin
453 3111 620 3187 exercitu,
645 3110 688 3173 de
711 3108 813 3173 feodo
841 3129 904 3190 pro
935 3129 1004 3191 quo
1033 3106 1115 3172 fecit

115 3255 118 3260 -
167 3209 346 3274 servitium
370 3211 408 3272 in
432 3210 599 3275 exercitu.
661 3207 791 3272 Nullus
821 3206 971 3272 ballivus
998 3215 1116 3271 noster

168 3307 224 3372 vel
245 3308 436 3373 vicecomes
454 3310 509 3372 vel
534 3309 622 3372 alius
644 3307 760 3390 capiat
776 3325 884 3388 equos
903 3306 959 3369 vel
980 3313 1115 3368 caretas

168 3406 316 3490 alicuius
341 3427 404 3490 pro
428 3407 580 3488 cariagio
606 3405 776 3480 faciendo,
800 3405 867 3466 nisi
889 3403 1011 3466 reddat
1030 3403 1116 3465 libe-

167 3505 338 3569 rationem
364 3506 567 3588 antiquitus
584 3511 776 3582 statutam3
806 3501 948 3578 scilicet,
971 3521 1034 3583 pro
1058 3519 1116 3565 ca-

167 3610 244 3668 reta
268 3604 313 3667 ad
342 3604 429 3670 duos
461 3623 568 3685 equos
594 3604 712 3666 decem
739 3601 899 3666 denarios
925 3619 987 3681 per
1015 3600 1117 3675 diem,

167 3709 204 3766 et
224 3723 288 3784 pro
310 3709 430 3768 carata
452 3703 495 3793 ad
514 3711 584 3767 tres
606 3721 712 3784 equos
735 3698 995 3782 quatuordecim
1013 3698 1118 3762 dena·

167 3801 239 3866 rios
262 3822 324 3884 per
346 3801 447 3867 diem.
500 3801 610 3865 Nulla
637 3807 755 3864 careta
776 3798 949 3862 dominica
971 3797 1118 3880 alicujus

167 3901 411 3965 ecclesiastica
444 3919 615 3983 personae,
642 3899 698 3964 vel
731 3897 862 3973 militia,
889 3898 944 3961 vel
971 3895 1118 3978 alicujus

168 3999 329 4076 dominae,
359 4000 518 4082 capiatur
547 4018 609 4080 per
640 3996 788 4062 ballivos
817 3996 1024 4077 praedictos;
1056 4013 1119 4056 nec

386 4167 469 4218 ¹Erun
481 4169 519 4218 uel
529 4162 690 4236 miseriacum]
709 4166 822 4226 wanting
832 4165 858 4211 in
872 4165 901 4212 C.
998 4235 1015 4279 ἢ

970 4243 997 4277 Χ,
1106 4245 1116 4250 ..
