2858 4876
349 387 417 453 286
608 399 742 447 noenru
767 399 813 446 nn
837 399 1044 448 wnunovna

189 575 245 615 aa.
256 576 314 619 1214.
352 558 522 623 haeredem
550 559 686 624 comitis
714 558 860 623 Roherti
886 557 929 621 de
949 557 1057 622 Druis
1085 563 1121 620 et
1140 557 1307 621 avunculi

354 660 567 724 Francorum
586 659 678 741 regis
694 659 841 723 vinculis
864 657 1088 723 constrictum
1115 676 1232 720 secum
1251 677 1306 721 re·

353 759 450 824 diens
481 758 639 823 abduxit.
689 758 825 823 Deinde
853 757 944 822 idem
967 777 1031 821 rex
1058 757 1103 821 ad
1131 749 1306 840 ¹Rupem-

353 859 513 924 monachi
533 879 610 923 cum
634 859 791 923 exercitu
812 878 876 923 suo
893 877 930 922 se
950 858 1131 921 conferens
1151 863 1306 921 castrum

354 959 531 1024 obsidione
545 958 713 1036 vallavit3
740 958 833 1040 quod
857 957 1001 1022 audiens
1016 957 1235 1035 Lodowious,
1253 977 1306 1020 re-

353 1060 407 1140 gis
424 1059 637 1141 Francorum
656 1059 761 1135 filius,
783 1057 828 1122 ad
848 1057 912 1122 hoc
933 1077 957 1121 a
979 1064 1078 1140 patre
1102 1057 1242 1134 missus,
1266 1065 1305 1121 nt

353 1160 445 1240 regis
460 1158 484 1223 J
487 1159 634 1224 ohannis
648 1158 849 1222 resraenaret
860 1159 1032 1233 incursus,
1048 1177 1125 1221 cum
1147 1156 1305 1221 exercitu

354 1278 422 1323 non
436 1259 570 1323 modIco
585 1259 669 1322 illuc
683 1259 895 1341 properavit,
914 1265 955 1322 ut
969 1257 1166 1322 subveniret
1187 1259 1307 1322 obses·

353 1360 413 1422 sis.
467 1358 623 1441 Cumque
651 1358 836 1423 adventum
870 1358 979 1440 ipsius
1011 1377 1075 1421 rex
1112 1355 1304 1439 Anglorum

354 1460 587 1539 cognovisset,
611 1457 705 1522 misit
724 1458 963 1541 exploratores
985 1459 1030 1521 ab
1052 1458 1209 1527 exercitu
1229 1477 1305 1535 suo,

354 1559 415 1639 qui
437 1577 617 1622 numerum
646 1565 682 1621 et
699 1559 790 1622 vires
816 1557 966 1623 hostium
989 1558 1305 1640 supervenientium

355 1658 529 1738 sagaciter
553 1657 786 1735 aestimarent3
816 1658 929 1721 nuntii
954 1677 1048 1735 vero,
1066 1657 1223 1742 injuncto
1239 1658 1307 1721 sihi

354 1757 467 1820 officio
482 1757 639 1822 celeriter
660 1764 813 1840 peracto,
836 1763 1048 1822 revertentes
1069 1756 1233 1822 dixerunt
1254 1777 1306 1822 re-

356 1877 434 1938 gem
451 1855 645 1939 Anglorum
661 1858 773 1921 multo
792 1857 956 1941 majorem
979 1856 1106 1921 habere
1123 1874 1305 1922 numerum

355 1957 573 2033 bellatorum,
599 1957 690 2021 unde
715 1958 788 2038 regi
814 1959 1016 2021 constanter
1044 1965 1304 2039 persuaserunt,

355 2063 395 2120 ut
418 2063 610 2139 campestre
632 2058 789 2138 praelium
812 2076 891 2121 cum
914 2056 1071 2121 hostibus
1097 2065 1306 2134 consereret,
1328 2122 1332 2132 Χ

355 2156 519 2237 quiahoc
543 2157 674 2221 faciens
694 2157 938 2240 proculdubio
960 2158 1004 2221 ab
1028 2157 1185 2221 hostibus
1204 2164 1306 2239 opta·

355 2262 429 2320 tum
445 2263 639 2339 reportaret
652 2257 876 2340 triumphum.
909 2254 1091 2320 Animatus
1109 2262 1227 2321 autem
1244 2277 1306 2322 rex

355 2356 456 2420 dictis
478 2357 678 2420 nuntiorum
701 2376 841 2421 suorum
860 2356 968 2441 jussit
989 2357 1196 2438 quantocius
1214 2358 1305 2420 mili·

355 2462 408 2520 tes
434 2457 478 2521 ad
507 2476 604 2521 arma
627 2458 823 2532 convolare,
847 2464 887 2520 ut
906 2464 1102 2521 occurreret
1119 2455 1306 2522 Lodowico

354 2563 547 2639 campestre
584 2557 742 2638 praelium
781 2556 1035 2633 commissurus,
1067 2556 1126 2619 sed
1157 2557 1306 2620 barones

356 2655 525 2721 Pictaviae
543 2676 659 2737 regem
683 2656 781 2738 sequi
806 2662 1065 2747 contemnentes
1087 2655 1252 2720 dixerunt
1269 2676 1306 2721 se

356 2754 400 2817 ad
416 2761 610 2836 campestre
632 2756 788 2837 praelium
810 2775 880 2819 non
902 2775 979 2818 esse
999 2763 1153 2838 paratos.
1205 2754 1305 2821 Tunc

355 2872 418 2917 rex
448 2854 586 2918 solitam
611 2855 839 2936 proditionem
871 2855 1143 2919 Pictaviensium
1175 2853 1306 2920 babens

355 2952 457 3016 nimis
480 2961 689 3036 suspectam,
711 2974 789 3018 cum
811 2955 927 3037 captio
951 2956 1057 3019 castri
1075 2955 1171 3019 illius
1194 2955 1307 3019 immi-

354 3060 463 3130 neret,
490 3055 644 3119 maximo
673 3073 821 3118 moerore
849 3049 1026 3119 confectus
1053 3056 1097 3118 ab
1126 3053 1305 3119 obsidione

353 3153 506 3218 recessit.
559 3153 764 3218 Lodowicus
784 3153 1012 3237 itai1ue,cum
1031 3154 1165 3219 audivit
1186 3174 1304 3236 regem

353 3251 548 3334 Anglorum
563 3261 681 3319 castra
697 3271 846 3333 movere,
858 3247 1001 3318 ²timens
1015 3272 1058 3318 ne
1074 3255 1188 3338 ipsum
1205 3255 1304 3319 inva-

389 3449 647 3515 mammaeae]
671 3454 817 3505 Bothe-au·
840 3453 920 3504 ‘belli
929 3452 1308 3514 uunsdibusdimissisetprae·

354 3521 451 3584 Moine,
473 3537 507 3571 on
528 3523 570 3572 the
592 3525 678 3588 Lcire,
700 3525 817 3574 between
841 3525 883 3574 dae
900 3523 1032 3586 expositis,
1050 3538 1097 3584 per
1117 3523 1185 3572 vada
1206 3522 1308 3584 Ligeris

354 3592 454 3641 Nautes
465 3592 515 3642 and
527 3594 647 3656 Angiers.
841 3594 943 3656 navigio
962 3597 988 3643 et
1006 3593 1087 3642 modis
1109 3593 1203 3654 quibus
1225 3593 1309 3653 potnit

695 3675 697 3679 ·
839 3662 1308 3726 fugienapartesuorumnonrnodiea

390 3727 505 3780 2Τιἠιενιε
521 3747 550 3782 ae
570 3731 650 3796 iprum
667 3729 816 3803 invaderet]
842 3735 973 3784 submersa
991 3739 1018 3784 et
1033 3733 1095 3781 dum
1111 3731 1212 3794 fugeret
1230 3732 1307 3781 inter·

356 3799 429 3849 Brito
444 3802 515 3862 gives
535 3817 551 3851 a
568 3817 630 3864 very
644 3802 760 3852 different
777 3819 819 3854 ae·
843 3803 918 3866 fecta,
929 3803 1053 3866 equitavit
1063 3802 1105 3850 die
1114 3802 1160 3851 illa
1167 3799 1307 3850 octodecim

356 3875 432 3919 count
443 3871 472 3919 oi
484 3871 535 3920 this
551 3873 695 3936 campaign,
708 3874 819 3937 namely,
843 3874 977 3935 milliaria,
1000 3887 1047 3923 neo
1066 3876 1155 3933 postea
1170 3885 1251 3921 ausus
1269 3875 1308 3921 est

355 3939 411 3989 that
421 3940 500 3989 Iouis
517 3955 572 3990 was
588 3943 696 3992 anxious
711 3948 737 3993 to
753 3949 820 3994 meet
843 3943 965 3994 accedere
981 3943 1015 3993 ad
1031 3944 1125 4004 locum,
1140 3957 1191 4004 quo
1207 3941 1309 3991 audhet

356 4009 491 4072 John‚and
502 4010 548 4060 left
557 4010 655 4061 chinon
666 4014 744 4063 castle
755 4015 818 4063 with
843 4015 928 4076 ipsum
944 4013 1102 4063 Ludovicum
1119 4026 1176 4061 esse
1191 4011 1233 4060 vel
1243 4025 1306 4059 ven·

356 4079 410 4128 that
435 4081 572 4142 intention;
597 4082 644 4131 but
665 4082 720 4132 that
741 4084 820 4146 John,
843 4089 927 4133 turum
940 4083 1020 4145 esse3’
1036 4081 1150 4134 Reades
1161 4080 1233 4131 Hist.
1244 4081 1308 4131 xvii.

356 4149 430 4198 when
441 4150 473 4199 he
488 4150 566 4200 heard
583 4151 612 4201 of
625 4152 665 4202 his
681 4149 819 4218 approach,
843 4170 869 4218 p.
881 4159 923 4206 93.
