2858 4876
315 370 359 433 74
564 385 699 432 uocaui
723 385 770 431 nn
793 383 1002 431 wuuoovuu

153 558 208 599 un.
220 561 276 601 ua.
313 543 409 608 illius
429 542 606 619 circulum,
628 541 718 606 unde
740 549 861 606 secuta
879 548 933 606 est
949 539 1151 604 infertilitas
1172 539 1279 604 fruc-

316 651 412 707 tuum
428 648 534 723 atque
548 641 699 722 frugum.

385 812 555 877 Eccaaotio
570 812 650 897 repub
665 810 824 877 Riolordi
839 811 877 876 de
890 819 986 892 morto
1000 808 1189 876 Marchisii.

153 944 303 1034 phefgffi
366 936 448 1000 Rex
466 943 583 1000 autem
594 934 789 1016 Anglorum
808 934 1019 1012 Richardus,
1033 952 1111 998 cnm
1131 932 1276 1016 injuste

153 1044 303 1132 ffilfessoun·
316 1034 449 1112 fuisset,
465 1041 506 1098 ut
527 1035 658 1097 dictum
680 1042 746 1110 est,
765 1033 809 1097 de
828 1039 938 1096 morte
956 1032 1138 1096 Marchisii
1158 1034 1275 1095 acen&

315 1140 425 1209 satus,
450 1133 591 1197 nuntios
617 1132 711 1195 misit
737 1132 782 1194 ad
805 1132 1006 1212 magistrum
1024 1128 1273 1195 Assieinorum

316 1231 487 1308 solennes,
509 1238 629 1313 petens
655 1232 700 1294 ab
717 1249 758 1294 eo
773 1237 813 1294 ut
829 1231 994 1293 scriberet
1010 1228 1090 1293 duci
1104 1227 1273 1292 Austris

316 1329 391 1393 sive
417 1330 617 1411 imperatori
640 1337 675 1393 et
694 1348 793 1392 suam
813 1328 1046 1392 innocentiam
1063 1332 1272 1402 excusaret,

315 1446 338 1490 a
358 1446 427 1508 quo
448 1427 512 1491 has
534 1421 732 1507 ¹sequentes
756 1426 876 1490 literas
895 1425 1115 1508 impetravit3
1143 1423 1272 1487 ‘Lim-

314 1525 431 1606 pcldo,
452 1525 532 1589 duci
558 1522 723 1602 Austriae,
740 1524 854 1589 Vetus
878 1524 921 1587 de
946 1531 1076 1600 monte,
1097 1522 1272 1587 salutem.

315 1622 404 1686 Cum
427 1623 565 1707 plurimi
586 1642 686 1705 reges
710 1629 746 1686 ct
766 1623 938 1706 principes
962 1623 1056 1686 ultra
1072 1641 1168 1685 mare
1198 1621 1272 1686 Ri-

315 1720 617 1802 cbardum,regem
631 1720 824 1803 Anglorum
842 1730 878 1786 ct
896 1720 1136 1797 dominum,de
1149 1727 1271 1784 morte

317 1818 497 1883 Marchisii
513 1820 702 1903 inculpent,
713 1820 796 1902 juro
812 1840 874 1902 per
890 1820 1016 1897 Deum,
1031 1819 1091 1901 qui
1107 1818 1145 1899 in
1159 1825 1270 1883 aeter-

316 1937 397 1981 num
419 1925 554 2000 regnat,
575 1925 611 1991 et
633 1919 825 2000 perlegam
850 1938 954 2000 quam
974 1925 1144 1993 tenemus,
1166 1919 1270 1999 quod

314 2015 351 2078 in
365 2016 441 2098 ejus
456 2024 566 2081 morte
582 2016 712 2079 nullam
730 2017 867 2099 culpam
882 2016 1014 2081 babuit.
1065 2015 1131 2079 Est
1144 2022 1270 2079 auteur

315 2132 421 2177 causa
442 2113 562 2179 mortis
588 2114 768 2178 Marchisii
792 2115 894 2193 talis3
919 2114 1021 2177 Unus
1033 2134 1078 2177 ex
1093 2113 1269 2178 fratribus

315 2211 442 2276 nostris
474 2214 511 2277 in
540 2232 645 2276 unam
674 2213 790 2276 navim
816 2212 860 2275 de
884 2211 1050 2275 Salteleia
1074 2211 1119 2275 ad
1142 2218 1269 2296 partes

314 2318 453 2375 nostras
466 2311 637 2389 veniebat,
654 2319 691 2375 et
706 2317 892 2391 tempestas
906 2310 996 2374 forte
1012 2309 1151 2390 impulit
1162 2309 1269 2374 illum

314 2410 407 2490 apud
432 2410 575 2492 Tyrum,
599 2417 636 2474 et
662 2409 872 2475 Marchisius
898 2409 980 2472 iecit
1006 2408 1104 2470 illum
1136 2427 1269 2490 capere

316 2512 352 2571 et
381 2508 549 2585 occidere,
575 2515 610 2572 et
636 2526 798 2588 magnam
822 2508 1001 2590 pecuniam
1027 2506 1103 2590 ejus
1131 2509 1268 2589 rapuit.

317 2603 394 2669 Nos
421 2626 505 2670 vero
535 2606 726 2671 Marchisio
758 2606 897 2669 nuntios
925 2613 1063 2670 nostros
1092 2605 1269 2684 misimus,

315 2704 518 2768 mandantes
538 2713 578 2770 ut
594 2705 775 2786 pecuniam
792 2704 909 2767 fratris
925 2705 1035 2769 nostri
1050 2697 1169 2769 ²nobis
1184 2705 1270 2768 red·

314 2800 411 2867 deret
441 2811 476 2867 et
505 2803 548 2866 de
577 2809 687 2866 morte
718 2802 835 2866 fratris
865 2804 974 2867 nostri
1007 2805 1186 2867 nobiscum
1227 2823 1269 2868 se

314 2901 550 2978 concordaret,
568 2908 605 2965 ct
621 2900 744 2978 noluit,
766 2902 827 2964 sed
846 2902 985 2966 nuntios
1006 2908 1143 2964 nostros
1164 2920 1268 2983 spre-

314 2999 377 3074 vit,
405 3006 440 3062 et
465 3005 609 3063 mortem
630 2999 747 3064 fratris
771 3001 879 3063 nostri
902 3019 1007 3081 super
1027 2999 1269 3080 Reginaldum

314 3096 489 3160 dominum
517 3097 665 3182 Sydonis
689 3099 826 3180 posuit;
861 3105 896 3162 et
921 3117 983 3161 nos
1014 3104 1149 3161 tantum
1177 3097 1268 3162 feci-

314 3214 389 3258 mus
412 3215 474 3277 per
495 3197 623 3260 amicos
645 3204 794 3273 nostros,
811 3203 851 3259 ut
873 3197 909 3258 in
930 3197 1076 3260 veritate
1096 3196 1268 3261 scivimus

313 3293 405 3375 quod
427 3295 501 3376 ipse
524 3294 607 3357 fecit
633 3294 729 3356 illum
755 3295 910 3357 occidere
937 3302 972 3358 et
994 3293 1176 3375 pecuniam
1206 3315 1268 3359 ra·

314 3410 406 3472 pere.
459 3390 506 3454 Et
529 3392 653 3454 iterum
680 3392 786 3455 alium
817 3392 974 3456 nuntium
1004 3398 1172 3468 nostrum,
1201 3412 1270 3457 no-

314 3489 405 3552 mine
432 3489 603 3565 Edrisum,
629 3489 767 3552 adeum
794 3491 961 3566 misimus,
988 3509 1089 3571 quem
1111 3490 1147 3552 iu
1173 3493 1269 3555 mari

348 3683 605 3751 ¹Seqtoentesliterus.]
617 3685 776 3751 Newburgb,
797 3688 840 3738 the
851 3687 927 3738 death
934 3689 964 3739 oi
972 3689 1269 3752 consummare.

314 3770 338 3802 v.
351 3755 365 3816 p
377 3759 417 3816 lo,
429 3756 499 3818 gives
509 3756 551 3804 the
562 3755 691 3818 following
702 3758 776 3806 letter
797 3758 921 3808 thesaur.
944 3761 992 3810 col,
1012 3764 1079 3820 8183
1095 3759 1219 3821 Vinsaui,
1240 3776 1270 3823 p.

315 3838 344 3872 as
355 3823 449 3884 having
459 3824 523 3872 been
538 3825 592 3873 lirst
601 3826 737 3886 published
749 3827 775 3874 in
799 3831 861 3888 8863
881 3828 1015 3890 Michaud‚
1026 3830 1054 3878 ii.
1065 3832 1123 3878 481.

316 3896 397 3954 1195;
422 3892 454 3941 be
472 3907 531 3954 says
552 3895 607 3945 that
628 3895 660 3943 he
682 3895 733 3945 hed
756 3896 776 3943 it
833 3893 930 3945 'Nobis
956 3899 1067 3947 redderet
1088 3902 1113 3946 et
1133 3898 1163 3945 (le
1185 3896 1271 3949 mate

315 3960 378 4008 from
395 3976 411 4011 a
427 3963 589 4025 trustwortby
604 3978 705 4025 person,
717 3964 776 4012 who
792 3964 885 4023 fratris
904 3967 1013 4029 noum]
1038 3966 1142 4015 omitted
1164 3967 1192 4015 in
1216 3969 1271 4035 (λς

316 4044 369 4078 was
388 4035 415 4078 et
431 4032 506 4080 Paris
521 4033 595 4081 when
613 4034 634 4080 it
649 4047 704 4081 was
723 4034 777 4081 tirst
799 4035 918 4096 perhaps,
935 4036 998 4084 with
1016 4050 1083 4084 ruore
1100 4035 1274 4100 probability,

315 4104 361 4158 put
378 4100 429 4148 into
447 4101 489 4150 the
506 4101 589 4163 king’s
607 4101 698 4151 hands.
734 4102 775 4151 On
799 4118 831 4153 an
842 4104 960 4155 omission
971 4105 999 4153 ci
1007 4105 1049 4153 the
1060 4105 1224 4156 transcribet.
