<?xml version="1.0" encoding="UTF-8"?>
<!DOCTYPE html PUBLIC "-//W3C//DTD XHTML 1.0 Transitional//EN"
    "http://www.w3.org/TR/xhtml1/DTD/xhtml1-transitional.dtd">
<html xmlns="http://www.w3.org/1999/xhtml" xml:lang="en" lang="en">
 <head>
  <title>
</title>
<meta http-equiv="Content-Type" content="text/html;charset=utf-8" />
  <meta name='ocr-system' content='tesseract 3.04.00' />
  <meta name='ocr-capabilities' content='ocr_page ocr_carea ocr_par ocr_line ocrx_word'/>
</head>
<body>
  <div class='ocr_page' id='page_1' title='image "./rogeridewendove06rogegoog_0335.png"; bbox 0 0 2858 4876; ppageno 0'>
   <div class='ocr_carea' id='block_1_1' title="bbox 315 412 1003 476">
    <p class='ocr_par' dir='ltr' id='par_1_1' title="bbox 315 412 1003 476">
     <span class='ocr_line' id='line_1_1' title="bbox 315 412 1003 476; baseline -0.006 0"><span class='ocrx_word' id='word_1_1' title='bbox 315 412 380 476; x_wconf 79' lang='lat'>326</span> <span class='ocrx_word' id='word_1_2' title='bbox 571 425 702 472; x_wconf 83' lang='grc'><strong>11111111</strong></span> <span class='ocrx_word' id='word_1_3' title='bbox 727 425 773 470; x_wconf 86' lang='lat' dir='ltr'>un</span> <span class='ocrx_word' id='word_1_4' title='bbox 796 423 1003 472; x_wconf 78' lang='lat' dir='ltr'>wunnovnu</span> 
     </span>
    </p>
   </div>
   <div class='ocr_carea' id='block_1_2' title="bbox 155 580 1266 661">
    <p class='ocr_par' dir='ltr' id='par_1_2' title="bbox 155 580 1266 661">
     <span class='ocr_line' id='line_1_2' title="bbox 155 580 1266 661; baseline 0.005 -21"><span class='ocrx_word' id='word_1_5' title='bbox 155 603 277 642; x_wconf 78' lang='grc'><strong>1111111.</strong></span> <span class='ocrx_word' id='word_1_6' title='bbox 316 584 482 661; x_wconf 89' lang='lat' dir='ltr'>tentibus,</span> <span class='ocrx_word' id='word_1_7' title='bbox 497 603 559 646; x_wconf 87' lang='lat' dir='ltr'>rex</span> <span class='ocrx_word' id='word_1_8' title='bbox 582 582 708 646; x_wconf 90' lang='lat' dir='ltr'>obtulit</span> <span class='ocrx_word' id='word_1_9' title='bbox 723 583 773 645; x_wconf 90' lang='lat' dir='ltr'>eis</span> <span class='ocrx_word' id='word_1_10' title='bbox 793 580 981 646; x_wconf 90' lang='lat' dir='ltr'>secundum</span> <span class='ocrx_word' id='word_1_11' title='bbox 1001 581 1146 645; x_wconf 86' lang='lat' dir='ltr'>formam</span> <span class='ocrx_word' id='word_1_12' title='bbox 1167 600 1266 645; x_wconf 85' lang='lat' dir='ltr'>man-</span> 
     </span>
    </p>
   </div>
   <div class='ocr_carea' id='block_1_3' title="bbox 155 653 234 700">
    <p class='ocr_par' dir='ltr' id='par_1_3' title="bbox 155 653 234 700">
     <span class='ocr_line' id='line_1_3' title="bbox 155 653 234 700; baseline -0.013 -9"><span class='ocrx_word' id='word_1_13' title='bbox 155 653 234 700; x_wconf 73' lang='lat' dir='ltr'>Magna</span> 
     </span>
    </p>
   </div>
   <div class='ocr_carea' id='block_1_4' title="bbox 154 681 1267 767">
    <p class='ocr_par' dir='ltr' id='par_1_4' title="bbox 154 681 1267 767">
     <span class='ocr_line' id='line_1_4' title="bbox 154 681 1267 767; baseline -0.002 -20"><span class='ocrx_word' id='word_1_14' title='bbox 154 703 232 742; x_wconf 73' lang='lat' dir='ltr'>charta</span> <span class='ocrx_word' id='word_1_15' title='bbox 316 684 389 748; x_wconf 92' lang='lat' dir='ltr'>dati</span> <span class='ocrx_word' id='word_1_16' title='bbox 404 683 514 747; x_wconf 86' lang='lat' dir='ltr'>nostri</span> <span class='ocrx_word' id='word_1_17' title='bbox 531 682 681 767; x_wconf 83' lang='lat' dir='ltr'>justitiae</span> <span class='ocrx_word' id='word_1_18' title='bbox 699 681 946 764; x_wconf 87' lang='lat' dir='ltr'>plenitudinem</span> <span class='ocrx_word' id='word_1_19' title='bbox 964 681 1138 760; x_wconf 82' lang='lat' dir='ltr'>exhibere,</span> <span class='ocrx_word' id='word_1_20' title='bbox 1160 700 1267 765; x_wconf 89' lang='lat' dir='ltr'>quam</span> 
     </span>
    </p>
   </div>
   <div class='ocr_carea' id='block_1_5' title="bbox 147 751 1268 866">
    <p class='ocr_par' dir='ltr' id='par_1_5' title="bbox 147 751 1268 866">
     <span class='ocr_line' id='line_1_5' title="bbox 147 751 1268 866; baseline 0.003 -25"><span class='ocrx_word' id='word_1_21' title='bbox 147 751 291 853; x_wconf 58' lang='lat' dir='ltr'>llilllllb&#39;</span> <span class='ocrx_word' id='word_1_22' title='bbox 314 784 382 866; x_wconf 91' lang='lat' dir='ltr'>ipsi</span> <span class='ocrx_word' id='word_1_23' title='bbox 402 783 541 848; x_wconf 94' lang='lat' dir='ltr'>omnino</span> <span class='ocrx_word' id='word_1_24' title='bbox 569 789 769 866; x_wconf 84' lang='lat' dir='ltr'><strong>spernentes</strong></span> <span class='ocrx_word' id='word_1_25' title='bbox 793 789 974 863; x_wconf 90' lang='lat' dir='ltr'>coeperunt</span> <span class='ocrx_word' id='word_1_26' title='bbox 997 801 1121 846; x_wconf 90' lang='lat' dir='ltr'>manus</span> <span class='ocrx_word' id='word_1_27' title='bbox 1144 788 1268 846; x_wconf 86' lang='lat' dir='ltr'>exten-</span> 
     </span>
    </p>
   </div>
   <div class='ocr_carea' id='block_1_6' title="bbox 311 880 1327 4259">
    <p class='ocr_par' dir='ltr' id='par_1_6' title="bbox 311 880 1327 4259">
     <span class='ocr_line' id='line_1_6' title="bbox 314 880 1265 967; baseline -0.004 -19"><span class='ocrx_word' id='word_1_28' title='bbox 314 885 395 948; x_wconf 86' lang='lat' dir='ltr'>dere</span> <span class='ocrx_word' id='word_1_29' title='bbox 418 884 463 947; x_wconf 91' lang='lat' dir='ltr'>ad</span> <span class='ocrx_word' id='word_1_30' title='bbox 486 883 629 967; x_wconf 90' lang='lat' dir='ltr'>pejora;</span> <span class='ocrx_word' id='word_1_31' title='bbox 660 883 751 945; x_wconf 91' lang='lat' dir='ltr'>unde</span> <span class='ocrx_word' id='word_1_32' title='bbox 775 901 838 945; x_wconf 85' lang='lat' dir='ltr'>rex</span> <span class='ocrx_word' id='word_1_33' title='bbox 870 882 946 964; x_wconf 89' lang='lat' dir='ltr'>ipso</span> <span class='ocrx_word' id='word_1_34' title='bbox 976 880 1020 944; x_wconf 89' lang='lat' dir='ltr'>ad</span> <span class='ocrx_word' id='word_1_35' title='bbox 1053 882 1265 945; x_wconf 88' lang='lat' dir='ltr'>audientiam</span> 
     </span>
     <span class='ocr_line' id='line_1_7' title="bbox 315 981 1266 1066; baseline -0.004 -18"><span class='ocrx_word' id='word_1_36' title='bbox 315 990 468 1048; x_wconf 90' lang='lat' dir='ltr'>nostram</span> <span class='ocrx_word' id='word_1_37' title='bbox 491 983 670 1066; x_wconf 85' lang='lat' dir='ltr'>appellans</span> <span class='ocrx_word' id='word_1_38' title='bbox 693 981 819 1046; x_wconf 91' lang='lat' dir='ltr'>obtulit</span> <span class='ocrx_word' id='word_1_39' title='bbox 834 981 884 1044; x_wconf 89' lang='lat' dir='ltr'>eis</span> <span class='ocrx_word' id='word_1_40' title='bbox 907 981 1069 1045; x_wconf 86' lang='lat' dir='ltr'>exhibere</span> <span class='ocrx_word' id='word_1_41' title='bbox 1090 981 1266 1065; x_wconf 88' lang='lat' dir='ltr'>justitiam</span> 
     </span>
     <span class='ocr_line' id='line_1_8' title="bbox 314 1080 1267 1166; baseline -0.001 -19"><span class='ocrx_word' id='word_1_42' title='bbox 314 1103 431 1147; x_wconf 84' lang='lat' dir='ltr'>coram</span> <span class='ocrx_word' id='word_1_43' title='bbox 446 1084 557 1160; x_wconf 90' lang='lat' dir='ltr'>nobis,</span> <span class='ocrx_word' id='word_1_44' title='bbox 574 1082 618 1145; x_wconf 86' lang='lat' dir='ltr'>ad</span> <span class='ocrx_word' id='word_1_45' title='bbox 633 1101 734 1164; x_wconf 93' lang='lat' dir='ltr'>quem</span> <span class='ocrx_word' id='word_1_46' title='bbox 756 1080 860 1165; x_wconf 90' lang='lat' dir='ltr'>hujus</span> <span class='ocrx_word' id='word_1_47' title='bbox 884 1101 999 1146; x_wconf 87' lang='lat' dir='ltr'>causae</span> <span class='ocrx_word' id='word_1_48' title='bbox 1016 1081 1187 1166; x_wconf 88' lang='lat' dir='ltr'>judicium</span> <span class='ocrx_word' id='word_1_49' title='bbox 1209 1101 1267 1146; x_wconf 85' lang='lat' dir='ltr'>ra-</span> 
     </span>
     <span class='ocr_line' id='line_1_9' title="bbox 315 1181 1265 1265; baseline -0.001 -19"><span class='ocrx_word' id='word_1_50' title='bbox 315 1183 409 1247; x_wconf 89' lang='lat' dir='ltr'>tione</span> <span class='ocrx_word' id='word_1_51' title='bbox 436 1182 577 1247; x_wconf 91' lang='lat' dir='ltr'>dominii</span> <span class='ocrx_word' id='word_1_52' title='bbox 601 1181 808 1264; x_wconf 84' lang='lat' dir='ltr'>pertinebat,</span> <span class='ocrx_word' id='word_1_53' title='bbox 833 1181 926 1263; x_wconf 92' lang='lat' dir='ltr'>quod</span> <span class='ocrx_word' id='word_1_54' title='bbox 946 1182 1013 1265; x_wconf 89' lang='lat' dir='ltr'>ipsi</span> <span class='ocrx_word' id='word_1_55' title='bbox 1030 1188 1111 1245; x_wconf 90' lang='lat' dir='ltr'>sunt</span> <span class='ocrx_word' id='word_1_56' title='bbox 1125 1183 1265 1264; x_wconf 87' lang='lat' dir='ltr'>penitus</span> 
     </span>
     <span class='ocr_line' id='line_1_10' title="bbox 315 1281 1266 1366; baseline -0.001 -20"><span class='ocrx_word' id='word_1_57' title='bbox 315 1281 500 1366; x_wconf 86' lang='lat' dir='ltr'>aspernati.</span> <span class='ocrx_word' id='word_1_58' title='bbox 554 1281 688 1346; x_wconf 88' lang='lat' dir='ltr'>Deinde</span> <span class='ocrx_word' id='word_1_59' title='bbox 711 1281 837 1344; x_wconf 92' lang='lat' dir='ltr'>obtulit</span> <span class='ocrx_word' id='word_1_60' title='bbox 860 1281 941 1359; x_wconf 88' lang='lat' dir='ltr'>illis,</span> <span class='ocrx_word' id='word_1_61' title='bbox 960 1289 1000 1345; x_wconf 99' lang='lat' dir='ltr'>ut</span> <span class='ocrx_word' id='word_1_62' title='bbox 1023 1288 1096 1346; x_wconf 84' lang='lat' dir='ltr'>tam</span> <span class='ocrx_word' id='word_1_63' title='bbox 1119 1283 1164 1344; x_wconf 89' lang='lat' dir='ltr'>ab</span> <span class='ocrx_word' id='word_1_64' title='bbox 1188 1282 1266 1364; x_wconf 91' lang='lat' dir='ltr'>ipso</span> 
     </span>
     <span class='ocr_line' id='line_1_11' title="bbox 316 1380 1266 1465; baseline -0.002 -18"><span class='ocrx_word' id='word_1_65' title='bbox 316 1403 419 1465; x_wconf 86' lang='lat' dir='ltr'>quarn</span> <span class='ocrx_word' id='word_1_66' title='bbox 436 1384 479 1446; x_wconf 88' lang='lat' dir='ltr'>ab</span> <span class='ocrx_word' id='word_1_67' title='bbox 502 1381 570 1445; x_wconf 92' lang='lat' dir='ltr'>illis</span> <span class='ocrx_word' id='word_1_68' title='bbox 593 1388 741 1463; x_wconf 87' lang='lat' dir='ltr'>quatuor</span> <span class='ocrx_word' id='word_1_69' title='bbox 756 1380 822 1444; x_wconf 86' lang='lat' dir='ltr'>viri</span> <span class='ocrx_word' id='word_1_70' title='bbox 839 1381 1050 1463; x_wconf 86' lang='lat' dir='ltr'>eligerentur</span> <span class='ocrx_word' id='word_1_71' title='bbox 1066 1381 1266 1464; x_wconf 89' lang='lat' dir='ltr'>prudentes,</span> 
     </span>
     <span class='ocr_line' id='line_1_12' title="bbox 316 1481 1267 1565; baseline -0.001 -19"><span class='ocrx_word' id='word_1_72' title='bbox 316 1483 376 1565; x_wconf 91' lang='lat' dir='ltr'>qui</span> <span class='ocrx_word' id='word_1_73' title='bbox 390 1502 462 1545; x_wconf 92' lang='lat' dir='ltr'>una</span> <span class='ocrx_word' id='word_1_74' title='bbox 476 1481 654 1546; x_wconf 89' lang='lat' dir='ltr'>nobiscum</span> <span class='ocrx_word' id='word_1_75' title='bbox 675 1482 854 1544; x_wconf 87' lang='lat' dir='ltr'>subortam</span> <span class='ocrx_word' id='word_1_76' title='bbox 869 1481 960 1545; x_wconf 89' lang='lat' dir='ltr'>inter</span> <span class='ocrx_word' id='word_1_77' title='bbox 976 1500 1035 1545; x_wconf 89' lang='lat' dir='ltr'>eos</span> <span class='ocrx_word' id='word_1_78' title='bbox 1059 1481 1267 1545; x_wconf 83' lang='lat' dir='ltr'>discordiam</span> 
     </span>
     <span class='ocr_line' id='line_1_13' title="bbox 315 1580 1269 1663; baseline 0.001 -18"><span class='ocrx_word' id='word_1_79' title='bbox 315 1583 553 1658; x_wconf 88' lang='lat' dir='ltr'>terminarent,</span> <span class='ocrx_word' id='word_1_80' title='bbox 576 1580 782 1663; x_wconf 90' lang='lat' dir='ltr'>promittens</span> <span class='ocrx_word' id='word_1_81' title='bbox 805 1581 896 1663; x_wconf 93' lang='lat' dir='ltr'>quod</span> <span class='ocrx_word' id='word_1_82' title='bbox 919 1587 1000 1645; x_wconf 90' lang='lat' dir='ltr'>ante</span> <span class='ocrx_word' id='word_1_83' title='bbox 1029 1581 1145 1644; x_wconf 90' lang='lat' dir='ltr'>omnia</span> <span class='ocrx_word' id='word_1_84' title='bbox 1167 1602 1269 1646; x_wconf 86' lang='lat' dir='ltr'>revo-</span> 
     </span>
     <span class='ocr_line' id='line_1_14' title="bbox 315 1681 1267 1763; baseline -0.001 -18"><span class='ocrx_word' id='word_1_85' title='bbox 315 1689 411 1745; x_wconf 89' lang='lat' dir='ltr'>caret</span> <span class='ocrx_word' id='word_1_86' title='bbox 438 1682 617 1746; x_wconf 87' lang='lat' dir='ltr'>universos</span> <span class='ocrx_word' id='word_1_87' title='bbox 642 1682 783 1758; x_wconf 86' lang='lat' dir='ltr'>abusus,</span> <span class='ocrx_word' id='word_1_88' title='bbox 812 1681 1018 1763; x_wconf 87' lang='lat' dir='ltr'>quicumque</span> <span class='ocrx_word' id='word_1_89' title='bbox 1052 1681 1201 1745; x_wconf 87' lang='lat' dir='ltr'>fuissent</span> <span class='ocrx_word' id='word_1_90' title='bbox 1231 1682 1267 1744; x_wconf 90' lang='lat' dir='ltr'>iu</span> 
     </span>
     <span class='ocr_line' id='line_1_15' title="bbox 315 1779 1268 1864; baseline -0.001 -19"><span class='ocrx_word' id='word_1_91' title='bbox 315 1780 446 1864; x_wconf 84' lang='lat' dir='ltr'>Anglia</span> <span class='ocrx_word' id='word_1_92' title='bbox 467 1801 532 1845; x_wconf 92' lang='lat' dir='ltr'>suo</span> <span class='ocrx_word' id='word_1_93' title='bbox 554 1789 708 1862; x_wconf 89' lang='lat' dir='ltr'>tempore</span> <span class='ocrx_word' id='word_1_94' title='bbox 731 1779 940 1859; x_wconf 88' lang='lat' dir='ltr'>introducti;</span> <span class='ocrx_word' id='word_1_95' title='bbox 964 1780 1024 1844; x_wconf 89' lang='lat' dir='ltr'>sed</span> <span class='ocrx_word' id='word_1_96' title='bbox 1044 1800 1107 1845; x_wconf 89' lang='lat' dir='ltr'>nec</span> <span class='ocrx_word' id='word_1_97' title='bbox 1127 1781 1194 1846; x_wconf 92' lang='lat' dir='ltr'>hoc</span> <span class='ocrx_word' id='word_1_98' title='bbox 1215 1780 1268 1845; x_wconf 93' lang='lat' dir='ltr'>illi</span> 
     </span>
     <span class='ocr_line' id='line_1_16' title="bbox 315 1880 1267 1964; baseline 0.001 -20"><span class='ocrx_word' id='word_1_99' title='bbox 315 1881 450 1964; x_wconf 89' lang='lat' dir='ltr'>dignati</span> <span class='ocrx_word' id='word_1_100' title='bbox 464 1889 547 1945; x_wconf 89' lang='lat' dir='ltr'>sunt</span> <span class='ocrx_word' id='word_1_101' title='bbox 563 1887 782 1963; x_wconf 83' lang='lat' dir='ltr'>attemptare.</span> <span class='ocrx_word' id='word_1_102' title='bbox 834 1880 989 1944; x_wconf 83' lang='lat' dir='ltr'>Tandem</span> <span class='ocrx_word' id='word_1_103' title='bbox 1006 1880 1075 1945; x_wconf 92' lang='lat' dir='ltr'>illis</span> <span class='ocrx_word' id='word_1_104' title='bbox 1098 1901 1162 1945; x_wconf 87' lang='lat' dir='ltr'>rex</span> <span class='ocrx_word' id='word_1_105' title='bbox 1185 1901 1267 1963; x_wconf 94' lang='lat' dir='ltr'>pro-</span> 
     </span>
     <span class='ocr_line' id='line_1_17' title="bbox 314 1979 1266 2064; baseline 0 -20"><span class='ocrx_word' id='word_1_106' title='bbox 314 1983 443 2064; x_wconf 89' lang='lat' dir='ltr'>posuit,</span> <span class='ocrx_word' id='word_1_107' title='bbox 463 1981 569 2064; x_wconf 89' lang='lat' dir='ltr'>quod,</span> <span class='ocrx_word' id='word_1_108' title='bbox 589 2000 667 2044; x_wconf 91' lang='lat' dir='ltr'>cum</span> <span class='ocrx_word' id='word_1_109' title='bbox 689 1980 787 2062; x_wconf 88' lang='lat' dir='ltr'>regni</span> <span class='ocrx_word' id='word_1_110' title='bbox 803 1979 989 2043; x_wconf 92' lang='lat' dir='ltr'>dominium</span> <span class='ocrx_word' id='word_1_111' title='bbox 1007 1980 1051 2043; x_wconf 90' lang='lat' dir='ltr'>ad</span> <span class='ocrx_word' id='word_1_112' title='bbox 1070 1981 1266 2046; x_wconf 90' lang='lat' dir='ltr'>Romanam</span> 
     </span>
     <span class='ocr_line' id='line_1_18' title="bbox 315 2080 1266 2163; baseline 0.002 -20"><span class='ocrx_word' id='word_1_113' title='bbox 315 2082 495 2146; x_wconf 89' lang='lat' dir='ltr'>ecclesiam</span> <span class='ocrx_word' id='word_1_114' title='bbox 514 2082 714 2163; x_wconf 88' lang='lat' dir='ltr'>pertineret,</span> <span class='ocrx_word' id='word_1_115' title='bbox 736 2081 810 2162; x_wconf 91' lang='lat' dir='ltr'>ipse</span> <span class='ocrx_word' id='word_1_116' title='bbox 832 2100 900 2144; x_wconf 90' lang='lat' dir='ltr'>non</span> <span class='ocrx_word' id='word_1_117' title='bbox 917 2088 1056 2163; x_wconf 84' lang='lat' dir='ltr'>poterat</span> <span class='ocrx_word' id='word_1_118' title='bbox 1077 2100 1140 2145; x_wconf 90' lang='lat' dir='ltr'>nec</span> <span class='ocrx_word' id='word_1_119' title='bbox 1162 2080 1266 2146; x_wconf 87' lang='lat' dir='ltr'>dobe-</span> 
     </span>
     <span class='ocr_line' id='line_1_19' title="bbox 314 2179 1267 2264; baseline 0.001 -21"><span class='ocrx_word' id='word_1_120' title='bbox 314 2181 376 2244; x_wconf 91' lang='lat' dir='ltr'>bat</span> <span class='ocrx_word' id='word_1_121' title='bbox 408 2183 540 2264; x_wconf 90' lang='lat' dir='ltr'>absque</span> <span class='ocrx_word' id='word_1_122' title='bbox 568 2187 688 2245; x_wconf 90' lang='lat' dir='ltr'>nostro</span> <span class='ocrx_word' id='word_1_123' title='bbox 717 2179 861 2262; x_wconf 89' lang='lat' dir='ltr'>speciali</span> <span class='ocrx_word' id='word_1_124' title='bbox 889 2181 1053 2244; x_wconf 87' lang='lat' dir='ltr'>mandato</span> <span class='ocrx_word' id='word_1_125' title='bbox 1080 2181 1267 2264; x_wconf 90' lang='lat' dir='ltr'>quicquam</span> 
     </span>
     <span class='ocr_line' id='line_1_20' title="bbox 314 2279 1266 2363; baseline 0.002 -20"><span class='ocrx_word' id='word_1_126' title='bbox 314 2279 357 2344; x_wconf 90' lang='lat' dir='ltr'>de</span> <span class='ocrx_word' id='word_1_127' title='bbox 378 2281 439 2344; x_wconf 94' lang='lat' dir='ltr'>illo</span> <span class='ocrx_word' id='word_1_128' title='bbox 455 2281 491 2343; x_wconf 92' lang='lat' dir='ltr'>in</span> <span class='ocrx_word' id='word_1_129' title='bbox 511 2289 664 2344; x_wconf 90' lang='lat' dir='ltr'>nostrum</span> <span class='ocrx_word' id='word_1_130' title='bbox 687 2279 926 2363; x_wconf 86' lang='lat' dir='ltr'>praejudicium</span> <span class='ocrx_word' id='word_1_131' title='bbox 939 2281 1143 2359; x_wconf 82' lang='lat' dir='ltr'>immutare3</span> <span class='ocrx_word' id='word_1_132' title='bbox 1172 2281 1266 2345; x_wconf 89' lang='lat' dir='ltr'>unde</span> 
     </span>
     <span class='ocr_line' id='line_1_21' title="bbox 315 2379 1268 2464; baseline 0.001 -22"><span class='ocrx_word' id='word_1_133' title='bbox 315 2400 435 2443; x_wconf 89' lang='lat' dir='ltr'>rursus</span> <span class='ocrx_word' id='word_1_134' title='bbox 457 2379 501 2443; x_wconf 90' lang='lat' dir='ltr'>ad</span> <span class='ocrx_word' id='word_1_135' title='bbox 532 2387 685 2443; x_wconf 89' lang='lat' dir='ltr'>nostram</span> <span class='ocrx_word' id='word_1_136' title='bbox 711 2379 923 2444; x_wconf 90' lang='lat' dir='ltr'>audientiam</span> <span class='ocrx_word' id='word_1_137' title='bbox 950 2380 1152 2462; x_wconf 87' lang='lat' dir='ltr'>appellavit,</span> <span class='ocrx_word' id='word_1_138' title='bbox 1175 2380 1268 2464; x_wconf 91' lang='lat' dir='ltr'>seip-</span> 
     </span>
     <span class='ocr_line' id='line_1_22' title="bbox 315 2479 1266 2564; baseline 0.002 -21"><span class='ocrx_word' id='word_1_139' title='bbox 315 2499 391 2543; x_wconf 91' lang='lat' dir='ltr'>sum</span> <span class='ocrx_word' id='word_1_140' title='bbox 421 2499 462 2543; x_wconf 90' lang='lat' dir='ltr'>ac</span> <span class='ocrx_word' id='word_1_141' title='bbox 489 2500 632 2562; x_wconf 87' lang='lat' dir='ltr'>regnum</span> <span class='ocrx_word' id='word_1_142' title='bbox 657 2481 851 2543; x_wconf 92' lang='lat' dir='ltr'>cumomni</span> <span class='ocrx_word' id='word_1_143' title='bbox 878 2479 1075 2545; x_wconf 90' lang='lat' dir='ltr'>honoreac</span> <span class='ocrx_word' id='word_1_144' title='bbox 1096 2480 1178 2564; x_wconf 90' lang='lat' dir='ltr'>jure</span> <span class='ocrx_word' id='word_1_145' title='bbox 1202 2500 1266 2545; x_wconf 91' lang='lat' dir='ltr'>sno</span> 
     </span>
     <span class='ocr_line' id='line_1_23' title="bbox 315 2579 1327 2662; baseline 0.002 -20"><span class='ocrx_word' id='word_1_146' title='bbox 315 2581 515 2662; x_wconf 86' lang='lat' dir='ltr'>apostolicae</span> <span class='ocrx_word' id='word_1_147' title='bbox 526 2579 732 2662; x_wconf 88' lang='lat' dir='ltr'>protectioni</span> <span class='ocrx_word' id='word_1_148' title='bbox 745 2598 955 2662; x_wconf 87' lang='lat' dir='ltr'>supponens.</span> <span class='ocrx_word' id='word_1_149' title='bbox 989 2579 1068 2658; x_wconf 91' lang='lat' dir='ltr'>Sed,</span> <span class='ocrx_word' id='word_1_150' title='bbox 1077 2600 1156 2644; x_wconf 92' lang='lat' dir='ltr'>cum</span> <span class='ocrx_word' id='word_1_151' title='bbox 1168 2580 1266 2645; x_wconf 94' lang='lat' dir='ltr'>nullo</span> <span class='ocrx_word' id='word_1_152' title='bbox 1324 2630 1327 2635; x_wconf 83' lang='lat'><em>.</em></span> 
     </span>
     <span class='ocr_line' id='line_1_24' title="bbox 315 2678 1270 2763; baseline 0.004 -22"><span class='ocrx_word' id='word_1_153' title='bbox 315 2679 417 2742; x_wconf 93' lang='lat' dir='ltr'>modo</span> <span class='ocrx_word' id='word_1_154' title='bbox 443 2679 636 2761; x_wconf 88' lang='lat' dir='ltr'>proficeret,</span> <span class='ocrx_word' id='word_1_155' title='bbox 668 2678 860 2760; x_wconf 87' lang='lat' dir='ltr'>postulavit</span> <span class='ocrx_word' id='word_1_156' title='bbox 880 2681 924 2742; x_wconf 91' lang='lat' dir='ltr'>ab</span> <span class='ocrx_word' id='word_1_157' title='bbox 948 2679 1208 2763; x_wconf 87' lang='lat' dir='ltr'>archiepiscopo</span> <span class='ocrx_word' id='word_1_158' title='bbox 1234 2689 1270 2745; x_wconf 93' lang='lat' dir='ltr'>et</span> 
     </span>
     <span class='ocr_line' id='line_1_25' title="bbox 315 2773 1267 2861; baseline 0.004 -21"><span class='ocrx_word' id='word_1_159' title='bbox 315 2779 499 2860; x_wconf 79' lang='lat' dir='ltr'>episcopie,</span> <span class='ocrx_word' id='word_1_160' title='bbox 521 2786 561 2841; x_wconf 89' lang='lat' dir='ltr'>ut</span> <span class='ocrx_word' id='word_1_161' title='bbox 579 2773 735 2841; x_wconf 79' lang='lat' dir='ltr'>nostrum</span> <span class='ocrx_word' id='word_1_162' title='bbox 758 2785 1030 2861; x_wconf 87' lang='lat' dir='ltr'>exsequerentur</span> <span class='ocrx_word' id='word_1_163' title='bbox 1052 2779 1267 2858; x_wconf 87' lang='lat' dir='ltr'>mandatum,</span> 
     </span>
     <span class='ocr_line' id='line_1_26' title="bbox 311 2877 1267 2960; baseline 0.003 -21"><span class='ocrx_word' id='word_1_164' title='bbox 311 2877 370 2960; x_wconf 89' lang='lat' dir='ltr'>jus</span> <span class='ocrx_word' id='word_1_165' title='bbox 396 2877 550 2940; x_wconf 85' lang='lat' dir='ltr'>ecclesiae</span> <span class='ocrx_word' id='word_1_166' title='bbox 578 2878 747 2942; x_wconf 83' lang='lat' dir='ltr'>Romanae</span> <span class='ocrx_word' id='word_1_167' title='bbox 772 2877 1002 2956; x_wconf 83' lang='lat' dir='ltr'>defenderent,</span> <span class='ocrx_word' id='word_1_168' title='bbox 1026 2899 1067 2943; x_wconf 89' lang='lat' dir='ltr'>ac</span> <span class='ocrx_word' id='word_1_169' title='bbox 1087 2886 1267 2944; x_wconf 88' lang='lat' dir='ltr'>tuerentur</span> 
     </span>
     <span class='ocr_line' id='line_1_27' title="bbox 315 2975 1264 3062; baseline 0.005 -23"><span class='ocrx_word' id='word_1_170' title='bbox 315 2975 459 3039; x_wconf 91' lang='lat' dir='ltr'>eundem</span> <span class='ocrx_word' id='word_1_171' title='bbox 481 2977 667 3040; x_wconf 91' lang='lat' dir='ltr'>secundum</span> <span class='ocrx_word' id='word_1_172' title='bbox 684 2977 828 3042; x_wconf 86' lang='lat' dir='ltr'>formam</span> <span class='ocrx_word' id='word_1_173' title='bbox 843 2979 1016 3061; x_wconf 88' lang='lat' dir='ltr'>privilegii</span> <span class='ocrx_word' id='word_1_174' title='bbox 1033 2999 1134 3044; x_wconf 86' lang='lat' dir='ltr'>cruce</span> <span class='ocrx_word' id='word_1_175' title='bbox 1145 2980 1264 3062; x_wconf 90' lang='lat' dir='ltr'>signa-</span> 
     </span>
     <span class='ocr_line' id='line_1_28' title="bbox 316 3075 1264 3160; baseline 0.005 -21"><span class='ocrx_word' id='word_1_176' title='bbox 316 3076 360 3139; x_wconf 86' lang='lat' dir='ltr'>tis</span> <span class='ocrx_word' id='word_1_177' title='bbox 375 3075 512 3140; x_wconf 89' lang='lat' dir='ltr'>indulti.</span> <span class='ocrx_word' id='word_1_178' title='bbox 564 3076 686 3153; x_wconf 91' lang='lat' dir='ltr'>Porro,</span> <span class='ocrx_word' id='word_1_179' title='bbox 707 3097 784 3141; x_wconf 90' lang='lat' dir='ltr'>curn</span> <span class='ocrx_word' id='word_1_180' title='bbox 807 3078 874 3160; x_wconf 90' lang='lat' dir='ltr'>ipsi</span> <span class='ocrx_word' id='word_1_181' title='bbox 900 3079 986 3142; x_wconf 93' lang='lat' dir='ltr'>nihil</span> <span class='ocrx_word' id='word_1_182' title='bbox 1011 3079 1132 3143; x_wconf 92' lang='lat' dir='ltr'>horum</span> <span class='ocrx_word' id='word_1_183' title='bbox 1149 3080 1264 3145; x_wconf 85' lang='lat' dir='ltr'>iacere</span> 
     </span>
     <span class='ocr_line' id='line_1_29' title="bbox 314 3176 1265 3254; baseline 0.004 -14"><span class='ocrx_word' id='word_1_184' title='bbox 314 3176 517 3254; x_wconf 90' lang='lat' dir='ltr'>voluissent,</span> <span class='ocrx_word' id='word_1_185' title='bbox 531 3176 651 3241; x_wconf 86' lang='lat' dir='ltr'>videns</span> <span class='ocrx_word' id='word_1_186' title='bbox 672 3195 709 3240; x_wconf 89' lang='lat' dir='ltr'>se</span> <span class='ocrx_word' id='word_1_187' title='bbox 733 3177 826 3241; x_wconf 91' lang='lat' dir='ltr'>omni</span> <span class='ocrx_word' id='word_1_188' title='bbox 849 3179 981 3244; x_wconf 90' lang='lat' dir='ltr'>auxilio</span> <span class='ocrx_word' id='word_1_189' title='bbox 996 3186 1031 3243; x_wconf 93' lang='lat' dir='ltr'>et</span> <span class='ocrx_word' id='word_1_190' title='bbox 1046 3179 1191 3243; x_wconf 91' lang='lat' dir='ltr'>consilio</span> <span class='ocrx_word' id='word_1_191' title='bbox 1206 3180 1265 3244; x_wconf 89' lang='lat' dir='ltr'>de·</span> 
     </span>
     <span class='ocr_line' id='line_1_30' title="bbox 314 3276 1266 3360; baseline 0.005 -22"><span class='ocrx_word' id='word_1_192' title='bbox 314 3276 488 3352; x_wconf 89' lang='lat' dir='ltr'>stitutum,</span> <span class='ocrx_word' id='word_1_193' title='bbox 502 3276 664 3359; x_wconf 89' lang='lat' dir='ltr'>quicquid</span> <span class='ocrx_word' id='word_1_194' title='bbox 690 3277 740 3340; x_wconf 93' lang='lat' dir='ltr'>illi</span> <span class='ocrx_word' id='word_1_195' title='bbox 768 3277 843 3340; x_wconf 89' lang='lat' dir='ltr'>ausi</span> <span class='ocrx_word' id='word_1_196' title='bbox 870 3285 951 3342; x_wconf 91' lang='lat' dir='ltr'>sunt</span> <span class='ocrx_word' id='word_1_197' title='bbox 969 3285 1098 3360; x_wconf 88' lang='lat' dir='ltr'>petere,</span> <span class='ocrx_word' id='word_1_198' title='bbox 1124 3287 1266 3343; x_wconf 90' lang='lat' dir='ltr'>nonest</span> 
     </span>
     <span class='ocr_line' id='line_1_31' title="bbox 314 3376 1264 3462; baseline 0.004 -25"><span class='ocrx_word' id='word_1_199' title='bbox 314 3394 420 3438; x_wconf 87' lang='lat' dir='ltr'>ausus</span> <span class='ocrx_word' id='word_1_200' title='bbox 437 3376 511 3457; x_wconf 91' lang='lat' dir='ltr'>ipse</span> <span class='ocrx_word' id='word_1_201' title='bbox 527 3396 674 3458; x_wconf 84' lang='lat' dir='ltr'>negare3</span> <span class='ocrx_word' id='word_1_202' title='bbox 708 3377 799 3441; x_wconf 89' lang='lat' dir='ltr'>unde</span> <span class='ocrx_word' id='word_1_203' title='bbox 822 3379 1020 3460; x_wconf 89' lang='lat' dir='ltr'>compulsus</span> <span class='ocrx_word' id='word_1_204' title='bbox 1045 3386 1098 3442; x_wconf 88' lang='lat' dir='ltr'>est</span> <span class='ocrx_word' id='word_1_205' title='bbox 1115 3398 1177 3462; x_wconf 91' lang='lat' dir='ltr'>per</span> <span class='ocrx_word' id='word_1_206' title='bbox 1194 3379 1264 3444; x_wconf 88' lang='lat' dir='ltr'>vim</span> 
     </span>
     <span class='ocr_line' id='line_1_32' title="bbox 314 3476 1266 3559; baseline 0.005 -21"><span class='ocrx_word' id='word_1_207' title='bbox 314 3481 349 3538; x_wconf 91' lang='lat' dir='ltr'>et</span> <span class='ocrx_word' id='word_1_208' title='bbox 366 3481 508 3553; x_wconf 86' lang='lat' dir='ltr'>metum,</span> <span class='ocrx_word' id='word_1_209' title='bbox 530 3477 590 3558; x_wconf 93' lang='lat' dir='ltr'>qui</span> <span class='ocrx_word' id='word_1_210' title='bbox 613 3476 736 3540; x_wconf 86' lang='lat' dir='ltr'>cadere</span> <span class='ocrx_word' id='word_1_211' title='bbox 756 3483 894 3559; x_wconf 91' lang='lat' dir='ltr'>poterat</span> <span class='ocrx_word' id='word_1_212' title='bbox 917 3478 953 3540; x_wconf 91' lang='lat' dir='ltr'>in</span> <span class='ocrx_word' id='word_1_213' title='bbox 968 3479 1079 3542; x_wconf 86' lang='lat' dir='ltr'>virum</span> <span class='ocrx_word' id='word_1_214' title='bbox 1101 3486 1266 3544; x_wconf 90' lang='lat' dir='ltr'>coustan-</span> 
     </span>
     <span class='ocr_line' id='line_1_33' title="bbox 314 3574 1264 3660; baseline 0.006 -24"><span class='ocrx_word' id='word_1_215' title='bbox 314 3574 496 3651; x_wconf 90' lang='lat' dir='ltr'>tissimum‚</span> <span class='ocrx_word' id='word_1_216' title='bbox 524 3577 807 3658; x_wconf 88' lang='lat' dir='ltr'>compositionem</span> <span class='ocrx_word' id='word_1_217' title='bbox 841 3577 928 3641; x_wconf 88' lang='lat' dir='ltr'>inire</span> <span class='ocrx_word' id='word_1_218' title='bbox 957 3598 1035 3642; x_wconf 92' lang='lat' dir='ltr'>cum</span> <span class='ocrx_word' id='word_1_219' title='bbox 1064 3578 1162 3660; x_wconf 75' lang='lat' dir='ltr'>ipsiS,</span> <span class='ocrx_word' id='word_1_220' title='bbox 1194 3599 1264 3642; x_wconf 92' lang='lat' dir='ltr'>non</span> 
     </span>
     <span class='ocr_line' id='line_1_34' title="bbox 313 3674 1264 3758; baseline 0.006 -21"><span class='ocrx_word' id='word_1_221' title='bbox 313 3675 425 3739; x_wconf 89' lang='lat' dir='ltr'>solum</span> <span class='ocrx_word' id='word_1_222' title='bbox 453 3674 556 3739; x_wconf 91' lang='lat' dir='ltr'>vilem</span> <span class='ocrx_word' id='word_1_223' title='bbox 588 3682 623 3738; x_wconf 91' lang='lat' dir='ltr'>et</span> <span class='ocrx_word' id='word_1_224' title='bbox 646 3683 794 3758; x_wconf 88' lang='lat' dir='ltr'>turpem,</span> <span class='ocrx_word' id='word_1_225' title='bbox 824 3697 940 3741; x_wconf 91' lang='lat' dir='ltr'>verum</span> <span class='ocrx_word' id='word_1_226' title='bbox 971 3678 1076 3741; x_wconf 90' lang='lat' dir='ltr'>etiam</span> <span class='ocrx_word' id='word_1_227' title='bbox 1105 3678 1264 3743; x_wconf 89' lang='lat' dir='ltr'>illicitam</span> 
     </span>
     <span class='ocr_line' id='line_1_35' title="bbox 313 3774 1266 3858; baseline 0.006 -21"><span class='ocrx_word' id='word_1_228' title='bbox 313 3782 348 3838; x_wconf 90' lang='lat' dir='ltr'>et</span> <span class='ocrx_word' id='word_1_229' title='bbox 364 3774 531 3857; x_wconf 89' lang='lat' dir='ltr'>iniquam,</span> <span class='ocrx_word' id='word_1_230' title='bbox 556 3776 592 3838; x_wconf 93' lang='lat' dir='ltr'>in</span> <span class='ocrx_word' id='word_1_231' title='bbox 619 3775 760 3838; x_wconf 91' lang='lat' dir='ltr'>nimiam</span> <span class='ocrx_word' id='word_1_232' title='bbox 781 3776 1040 3858; x_wconf 83' lang='lat' dir='ltr'>derogationem</span> <span class='ocrx_word' id='word_1_233' title='bbox 1061 3797 1101 3842; x_wconf 88' lang='lat' dir='ltr'>ac</span> <span class='ocrx_word' id='word_1_234' title='bbox 1117 3777 1266 3842; x_wconf 89' lang='lat' dir='ltr'>diminu-</span> 
     </span>
     <span class='ocr_line' id='line_1_36' title="bbox 313 3873 1266 3958; baseline 0.006 -21"><span class='ocrx_word' id='word_1_235' title='bbox 313 3873 441 3937; x_wconf 90' lang='lat' dir='ltr'>tionem</span> <span class='ocrx_word' id='word_1_236' title='bbox 469 3876 523 3938; x_wconf 91' lang='lat' dir='ltr'>sui</span> <span class='ocrx_word' id='word_1_237' title='bbox 542 3874 632 3958; x_wconf 88' lang='lat' dir='ltr'>juris</span> <span class='ocrx_word' id='word_1_238' title='bbox 660 3876 790 3958; x_wconf 86' lang='lat' dir='ltr'>pariter</span> <span class='ocrx_word' id='word_1_239' title='bbox 811 3884 846 3940; x_wconf 91' lang='lat' dir='ltr'>et</span> <span class='ocrx_word' id='word_1_240' title='bbox 868 3876 1020 3942; x_wconf 78' lang='lat' dir='ltr'>honoris</span> <span class='ocrx_word' id='word_1_241' title='bbox 1072 3877 1164 3956; x_wconf 84' lang='lat' dir='ltr'>Quia</span> <span class='ocrx_word' id='word_1_242' title='bbox 1182 3899 1266 3943; x_wconf 89' lang='lat' dir='ltr'>vero</span> 
     </span>
     <span class='ocr_line' id='line_1_37' title="bbox 313 3974 1265 4060; baseline 0.008 -25"><span class='ocrx_word' id='word_1_243' title='bbox 313 3975 411 4036; x_wconf 91' lang='lat' dir='ltr'>nobis</span> <span class='ocrx_word' id='word_1_244' title='bbox 434 3993 456 4036; x_wconf 88' lang='lat' dir='ltr'>a</span> <span class='ocrx_word' id='word_1_245' title='bbox 471 3974 621 4038; x_wconf 92' lang='lat' dir='ltr'>Domino</span> <span class='ocrx_word' id='word_1_246' title='bbox 635 3975 765 4039; x_wconf 90' lang='lat' dir='ltr'>dictum</span> <span class='ocrx_word' id='word_1_247' title='bbox 784 3977 883 4041; x_wconf 87' lang='lat' dir='ltr'>estin</span> <span class='ocrx_word' id='word_1_248' title='bbox 901 3977 1080 4060; x_wconf 90' lang='lat' dir='ltr'>propheta,</span> <span class='ocrx_word' id='word_1_249' title='bbox 1099 3976 1265 4043; x_wconf 86' lang='lat' dir='ltr'>‘Consti-</span> 
     </span>
     <span class='ocr_line' id='line_1_38' title="bbox 312 4073 1266 4159; baseline 0.012 -24"><span class='ocrx_word' id='word_1_250' title='bbox 312 4073 363 4136; x_wconf 91' lang='lat' dir='ltr'>tui</span> <span class='ocrx_word' id='word_1_251' title='bbox 394 4080 428 4137; x_wconf 92' lang='lat' dir='ltr'>te</span> <span class='ocrx_word' id='word_1_252' title='bbox 454 4094 559 4156; x_wconf 89' lang='lat' dir='ltr'>super</span> <span class='ocrx_word' id='word_1_253' title='bbox 583 4083 704 4157; x_wconf 85' lang='lat' dir='ltr'>gentes</span> <span class='ocrx_word' id='word_1_254' title='bbox 729 4083 763 4139; x_wconf 87' lang='lat' dir='ltr'>et</span> <span class='ocrx_word' id='word_1_255' title='bbox 789 4096 908 4159; x_wconf 89' lang='lat' dir='ltr'>regna,</span> <span class='ocrx_word' id='word_1_256' title='bbox 935 4085 974 4141; x_wconf 93' lang='lat' dir='ltr'>ut</span> <span class='ocrx_word' id='word_1_257' title='bbox 994 4077 1123 4141; x_wconf 90' lang='lat' dir='ltr'>evellas</span> <span class='ocrx_word' id='word_1_258' title='bbox 1149 4085 1185 4142; x_wconf 92' lang='lat' dir='ltr'>et</span> <span class='ocrx_word' id='word_1_259' title='bbox 1205 4078 1266 4147; x_wconf 78' lang='lat' dir='ltr'>de·</span> 
     </span>
     <span class='ocr_line' id='line_1_39' title="bbox 312 4174 1264 4259; baseline 0.009 -26"><span class='ocrx_word' id='word_1_260' title='bbox 312 4179 437 4250; x_wconf 89' lang='lat' dir='ltr'>strues,</span> <span class='ocrx_word' id='word_1_261' title='bbox 465 4174 612 4239; x_wconf 75' lang='lat' dir='ltr'>aedifices</span> <span class='ocrx_word' id='word_1_262' title='bbox 637 4182 672 4238; x_wconf 92' lang='lat' dir='ltr'>et</span> <span class='ocrx_word' id='word_1_263' title='bbox 698 4176 859 4257; x_wconf 88' lang='lat' dir='ltr'>plantes,’</span> <span class='ocrx_word' id='word_1_264' title='bbox 891 4178 1042 4259; x_wconf 85' lang='lat' dir='ltr'>itemque</span> <span class='ocrx_word' id='word_1_265' title='bbox 1069 4197 1130 4259; x_wconf 90' lang='lat' dir='ltr'>per</span> <span class='ocrx_word' id='word_1_266' title='bbox 1157 4179 1264 4242; x_wconf 86' lang='lat' dir='ltr'>alium</span> 
     </span>
    </p>
   </div>
   <div class='ocr_carea' id='block_1_7' title="bbox 0 0 1434 4876">
    <p class='ocr_par' dir='ltr' id='par_1_7' title="bbox 0 0 1434 4876">
     <span class='ocr_line' id='line_1_40' title="bbox 0 0 1434 4876; baseline 0 0"><span class='ocrx_word' id='word_1_267' title='bbox 0 0 1434 4876; x_wconf 95' lang='lat' dir='ltr'> </span> 
     </span>
    </p>
   </div>
  </div>
 </body>
</html>
