2858 4876
353 367 419 434 370
609 384 744 434 noorai
767 385 815 432 nn
837 382 1045 433 wannovnn

193 551 316 593 All-¹²¹⁰·
355 546 579 629 eomplicibus
605 554 640 612 et
659 545 852 610 fautoribus
876 544 962 621 suis,
983 551 1019 608 et
1035 542 1209 626 praecipue
1233 563 1308 608 ma-

354 646 501 728 gistrum
530 647 705 712 Simonem
728 647 771 710 de
798 645 1016 726 Laugetnna,
1043 644 1191 726 pulsatis
1212 662 1306 708 cam-

353 748 454 828 panis
474 755 510 812 et
525 747 678 812 candelis
700 747 856 810 accensis
873 744 1199 822 excommunicavit,
1214 763 1305 827 prae-

353 847 484 930 cipiens
506 846 591 930 ipsis
616 846 788 931 episcopis
813 853 849 910 et
867 845 945 908 aliis
967 845 1151 921 universis,
1173 852 1214 909 ut
1232 845 1304 908 sin·

353 947 445 1028 gulis
478 948 670 1012 Dominicis
700 947 822 1010 diebus
856 965 898 1010 ac
931 945 1067 1009 festivis
1099 964 1162 1026 per
1193 951 1303 1009 totam

352 1045 517 1129 Angliam
549 1047 755 1113 sententiam
782 1047 1023 1129 publicarent;
1058 1046 1120 1109 sed
1151 1046 1196 1109 ad
1227 1045 1303 1108 haec

352 1149 518 1230 magister
540 1148 658 1212 Simon
682 1148 725 1211 de
750 1147 958 1227 Langetuna
980 1152 1015 1210 et
1031 1147 1198 1227 magister
1215 1145 1302 1210 Ger·

352 1248 471 1311 vasius
490 1248 533 1312 de
552 1247 751 1330 Hobregge,
773 1247 928 1310 ecclesiae
948 1247 1061 1311 sancti
1084 1244 1186 1310 Pauli
1210 1247 1303 1311 Lon-

352 1347 503 1412 dinensis
524 1355 728 1432 praecentor,
749 1367 829 1411 eum
852 1346 1058 1428 quibusdam
1084 1348 1174 1424 aliis,
1201 1347 1301 1412 dixe-

352 1454 445 1525 runt,
467 1467 505 1512 se
534 1468 597 1531 pro
614 1449 694 1532 jure
720 1455 756 1512 et
777 1454 872 1510 statu
894 1447 1070 1512 Lodowici
1093 1447 1301 1531 appellasse,

351 1547 442 1611 unde
479 1549 686 1614 sententiam
727 1548 823 1611 illam
863 1546 994 1611 irritam
1036 1547 1232 1612 habuerunt
1267 1557 1302 1615 et

351 1647 500 1712 inanem.
566 1647 698 1714 Eodem
729 1655 883 1730 tempore
916 1656 1131 1713 recesserunt
1161 1667 1184 1711 a
1218 1669 1301 1730 rege

351 1746 375 1810 J
378 1747 514 1812 ohanne
533 1749 659 1813 milites
683 1767 802 1812 omnes
824 1754 859 1811 et
879 1747 1068 1812 servientes
1094 1748 1137 1812 de
1158 1749 1300 1831 regione

352 1847 559 1913 Flandrensi
576 1858 612 1913 et
627 1849 753 1913 finibus
768 1848 1020 1925 transmarinis,
1040 1857 1168 1931 praeter
1186 1834 1300 1914 solum

351 1946 601 2026 Pictavienses,
628 1968 774 2032 quorum
801 1949 941 2030 quidam
971 1949 1157 2014 Lodowico
1184 1949 1301 2013 adhae-

350 2056 481 2126 serunt,
497 2049 654 2113 nonnulli
669 2068 752 2113 vero
767 2049 811 2112 ad
829 2048 969 2134 propria
984 2057 1191 2115 remearunt.

403 2213 548 2290 Qualiter
564 2215 747 2281 lodowicus
761 2214 913 2280 australes
928 2214 1052 2303 Atetta
1066 2216 1251 2300 provincius

713 2314 934 2401 sabjupuoerit.

399 2439 471 2504 Sub
492 2440 612 2505 diebus
637 2441 715 2504 istis
744 2440 950 2505 Lodowicus
975 2441 1019 2504 ab
1047 2443 1132 2506 urbe
1159 2441 1298 2507 Londo-

348 2538 482 2603 niarum
525 2541 561 2603 in
606 2541 760 2605 maximo
801 2542 948 2604 militum
986 2542 1137 2606 tumultu
1175 2544 1296 2607 exiens

348 2639 484 2703 cantiae
522 2641 735 2723 provinciam
771 2640 943 2704 hostiliter
977 2640 1116 2718 invasit,
1151 2662 1296 2726 eamque

347 2739 412 2803 sibi
437 2745 559 2817 totam,
589 2748 716 2822 praeter
744 2741 945 2805 Doverense
971 2747 1134 2820 castrum,
1162 2743 1296 2808 nemine

346 2839 527 2904 resistente
558 2842 705 2922 subegit.
770 2840 906 2918 Deinde
936 2842 1160 2923 progrediens
1193 2842 1298 2907 Suth-

345 2958 467 3004 sexam
493 2960 570 3004 cum
595 2940 688 3005 villis
717 2947 753 3004 et
775 2940 1024 3005 munitionibus
1051 2949 1210 3023 potenter
1234 2946 1296 3007 ob·

346 3040 463 3118 tinuit,
490 3040 548 3105 ubi
572 3040 713 3125 juvenis
737 3040 885 3123 quidam,
907 3033 1120 3104 lWillelmus
1146 3045 1296 3121 nomine,

347 3140 532 3206 Lodowico
564 3141 765 3205 fidelitatem
799 3141 912 3204 facere
944 3149 1179 3221 contemnens,
1215 3164 1298 3209 oon·

346 3243 501 3323 gregatis
524 3242 618 3305 mille
631 3240 843 3324 sagittariis,
863 3241 942 3304 loca
963 3240 1101 3306 deserta
1124 3249 1159 3307 et
1179 3263 1297 3309 nemo-

344 3360 437 3418 rosa,
463 3342 587 3424 quibus
610 3341 673 3405 illa
704 3341 859 3404 abundat
885 3340 993 3422 regio,
1020 3342 1156 3424 petivit,
1189 3351 1295 3428 atque

345 3446 421 3504 toto
448 3441 649 3505 hostilitatis
673 3447 827 3524 tempore
858 3440 1082 3522 Francigenis
1115 3443 1217 3508 nimis
1244 3444 1296 3507 in·

344 3538 453 3604 festus
469 3541 580 3605 multa
597 3561 643 3605 ex
660 3541 710 3605 eis
729 3541 839 3604 millia
854 3538 1037 3605 interfecit.
1090 3541 1296 3609 Lodowicus

344 3640 483 3704 tandem
504 3635 740 3706 ²Wintoniam
763 3641 903 3706 veniens
928 3641 1106 3706 civitatem
1130 3644 1195 3708 sibi
1215 3664 1296 3709 cum

381 3815 389 3846 ¹
406 3819 544 3869 Willelmue
559 3820 674 3884 omnine.]
686 3819 695 3849 ‘
707 3820 804 3870 Willel·
830 3824 884 3881 ter;
895 3821 942 3869 but
951 3820 1007 3871 that
1013 3821 1057 3870 the
1068 3820 1141 3884 king,
1152 3821 1258 3884 hearing
1268 3823 1299 3872 of

343 3904 400 3938 mus
422 3890 454 3939 de
474 3888 652 3953 Colingehame
674 3890 774 3942 nomine
787 3885 805 3952 ;’
830 3888 870 3938 his
887 3890 1024 3952 approach,
1041 3890 1195 3941 ‘draconem
1217 3907 1294 3942 suum
1367 3936 1373 3943 .

344 3960 409 4011 Mat.
422 3960 508 4010 Paris.
830 3961 949 4021 deposuit
959 3966 984 4011 et
995 3961 1113 4025 aufugit'
1129 3964 1176 4011 but
1189 3966 1234 4011 not
1251 3964 1294 4013 be·

829 4029 881 4080 lore
898 4031 930 4080 he
946 4030 998 4080 had
1014 4037 1053 4081 set
1069 4034 1113 4082 lire
1128 4036 1154 4081 to
1170 4030 1213 4082 the
1224 4038 1293 4083 town

373 4090 801 4165 ²Wintoniomeenienscivitatem]
828 4101 855 4149 in
871 4101 929 4150 four
947 4102 1042 4163 places.
1085 4100 1111 4152 It
1129 4117 1239 4164 appears
1257 4105 1294 4164 by

342 4161 501 4227 Coggeehale
518 4166 576 4214 telle
591 4181 623 4216 ns
641 4167 696 4216 that
711 4166 743 4216 he
760 4183 804 4217 ex·
827 4171 870 4222 the
887 4173 1013 4234 Itinerary
1023 4170 1079 4221 that
1094 4172 1163 4221 John
1178 4172 1230 4222 had
1246 4171 1294 4222 lest

341 4235 432 4294 pected
443 4240 469 4285 to
485 4235 537 4285 liud
548 4236 616 4286 John
633 4241 660 4287 at
670 4237 802 4288 Winches·
828 4241 987 4293 winchester
998 4258 1031 4293 on
1041 4241 1084 4292 the
1095 4242 1139 4293 eth
1150 4243 1227 4294 June.
