2858 4876
345 391 412 477 224
600 406 738 454 noennr
763 406 809 453 nn
834 404 1040 455 wnunovnn

185 580 309 626 snum.
346 563 506 650 manibus
534 585 555 628 a
582 573 679 647 tergo
702 565 841 644 vinctiS,
864 563 930 647 qui
946 564 1161 642 sacerdotem
1185 583 1300 647 ⁴quen-

347 664 426 728 dam
440 666 477 728 in
493 665 551 729 via
574 665 786 749 spoliaverat
801 672 836 729 et
850 664 1084 742 interfecerat,
1103 673 1300 748 quaerentes

347 783 369 849 a
391 784 473 847 rege
491 765 584 847 quid‘
596 784 700 848 super
721 765 783 829 tali
799 772 925 829 eventu
943 764 1103 829 sibi‘fieri
1119 764 1297 850 placeret;

346 865 471 948 quibus
486 863 713 929 incontinenti
730 885 794 928 rex
811 865 989 948 respondit
1003 864 1134 943 dicens,
1152 859 1162 899 ‘
1178 864 1299 928 lnimi·

345 983 424 1028 cum
437 984 551 1029 meum
567 965 754 1042 interemit,
764 965 889 1029 solvite
903 965 1000 1029 illum
1018 972 1054 1029 et
1062 966 1165 1029 sinite
1179 958 1298 1029 abire?

344 1064 513 1129 Parentes
543 1085 680 1148 quoque
705 1063 954 1148 archiepiscopi
980 1074 1015 1130 et
1041 1066 1295 1148 episcoporum,

344 1166 403 1247 qui
419 1162 583 1246 Angliam
606 1166 670 1229 sub
692 1165 875 1229 interdicto
897 1172 1098 1248 posuerunt,
1121 1165 1181 1229 ubi
1198 1185 1297 1250 repe·

344 1265 404 1328 riri
435 1271 635 1348 potuerunt,
657 1264 802 1349 jubente
835 1284 915 1346 rege
941 1266 1166 1347 capiebantur
1191 1271 1298 1347 atque

343 1365 442 1429 bonis
462 1364 620 1429 omnibus
644 1364 783 1449 spoliati
800 1365 836 1428 in
859 1383 1029 1429 carcerem
1055 1364 1294 1429 trudebantur.

345 1463 442 1528 Inter
463 1464 538 1528 haec
561 1465 677 1528 omnia
702 1464 794 1528 mala
819 1465 1093 1547 perendinabant
1113 1465 1295 1547 pontifices

342 1563 478 1645 praefati
506 1564 544 1628 in
567 1565 725 1648 partibus
748 1565 997 1643 transmarinis,
1022 1565 1226 1630 omnimodis
1245 1567 1297 1631 vi·

342 1670 463 1728 ventes
486 1665 522 1727 in
544 1665 674 1728 deliciis
697 1672 731 1729 et
755 1684 830 1728 sese
852 1684 987 1728 murum
1010 1685 1072 1748 pro
1095 1665 1197 1729 domo
1220 1666 1295 1730 Do-

342 1764 425 1827 mini
467 1784 537 1828 non
570 1771 795 1847 opponentes,
828 1766 1015 1829 secundum
1050 1765 1294 1849 Redemptoris

342 1865 560 1942 sententiam,
577 1864 688 1928 ‘Cum
708 1865 828 1947 lupum
844 1864 1005 1930 viderunt
1019 1866 1228 1945 venientem,
1246 1868 1295 1931 di-

342 1964 508 2028 miserunt
522 1984 605 2029 oves
619 1972 654 2029 et
668 1964 856 2047 fugerunt!
1288 1995 1291 1999 ·

398 2142 440 2206 Ut
456 2163 509 2205 ree
522 2142 698 2228 Aetolorum
711 2142 856 2228 tontupio
871 2165 892 2206 o
910 2093 1106 2229 respectibus
1119 2115 1244 2230 Aetoliae

740 2243 902 2328 acceperit.
1242 2243 1244 2248 ’

378 2398 380 2403 v
403 2366 501 2431 Inter
523 2367 597 2432 haec
620 2373 656 2431 et
677 2367 872 2432 consimilia¹
890 2368 1078 2450 impietatis
1101 2385 1207 2452 opera
1229 2388 1290 2432 rex

341 2464 365 2532 J
367 2465 520 2532 ohannes
536 2463 582 2530 'in
611 2486 649 2530 se
674 2487 832 2532 reversus
855 2469 1043 2546 metuebat,
1067 2461 1110 2531 ne
1130 2467 1292 2537 dominus

340 2586 434 2652 papa
454 2575 540 2651 post·
553 2566 772 2631 interdictum
796 2586 917 2631 manus
935 2569 972 2631 in
990 2587 1078 2631 eum·
1090 2568 1293 2633 extenderet

341 2667 530 2750 graviores,
546 2667 645 2731 illum
668 2668 871 2732 nominatim
891 2667 1219 2732 excommunicando
1236 2668 1294 2733 vel

340 2775 521 2850 magnates
543 2765 683 2850 Angliae
706 2768 749 2831 ab
778 2768 854 2853 ejus
873 2767 1045 2832 ¹fidelitate
1069 2767 1292 2848 absolvendo,

339 2866 448 2946 unde,
478 2888 522 2932 ne
556 2867 654 2950 regni
681 2866 764 2951 jura
794 2868 952 2932 amittere
979 2867 1165 2945 videretur,
1196 2867 1292 2933 misit

339 2987 478 3032 manum
507 2967 690 3031 militarem
717 2968 762 3032 ad
792 2964 923 3032 omnes
939 2968 1035 3050 regni
1061 2974 1221 3051 potentes
1256 2978 1292 3032 et

338 3087 427 3149 quos
457 3068 631 3151 praecipue
660 3075 840 3150 suspectos
869 3063 1031 3142 babebat,
1061 3068 1206 3149 exigens
1231 3068 1293 3132 oba

338 3167 430 3231 sides
453 3165 577 3245 abeis,
598 3168 723 3251 quibus
745 3175 863 3250 posset
880 3187 952 3245 coe,
968 3165 999 3230 si
1015 3167 1104 3231 forte
1125 3174 1292 3251 processu

338 3268 503 3350 temporis
526 3269 570 3332 ab
588 3267 664 3350 ejus
682 3267 849 3332 fidelitate
874 3266 1148 3345 absolverentur,
1165 3266 1210 3332 ad
1232 3264 1291 3333 de-³

322 3366 447 3432 'bitum
472 3386 635 3432 revocare
658 3368 885 3451 obsequinm3
917 3366 1167 3450 adquieverunt
1189 3367 1292 3434 multi

337 3467 442 3550 regiis
460 3467 687 3551 jussionibus,
710 3458 751 3532 et·
762 3466 823 3531 alii
840 3468 942 3544 filios,
959 3467 1019 3530 alii
1039 3474 1292 3552 veronepotes'

337 3574 373 3632 et
388 3567 573 3632 carnaliter
585 3567 797 3651 propinquos
814 3567 945 3631 nuntiis
961 3567 1178 3634 tradiderint.
1202 3562 1291 3634 ¹Ve-

373 3717 382 3750 ¹
398 3720 527 3771 Venientes
543 3722 638 3769 tmdem
655 3722 688 3769 ed
703 3720 800 3770 Willel·
823 3722 894 3770 write
909 3721 1028 3784 ordering
1042 3721 1085 3770 the
1101 3721 1246 3772 restitution
1261 3724 1292 3774 oi

336 3802 401 3841 mum
419 3793 448 3840 de
468 3791 596 3854 Brome]
632 3790 686 3842 The
704 3790 799 3840 Annei.
824 3791 866 3845 the
881 3790 1008 3841 manorol
1016 3791 1161 3852 Wikewan,
1177 3793 1229 3842 and
1244 3795 1287 3844 the

338 3861 449 3911 Waverl.
466 3861 531 3910 bave
547 3860 639 3922 simply
656 3861 800 3909 ‘Dominus
824 3861 931 3922 priories
941 3861 971 3910 ol
977 3861 987 3890 ‘
993 3856 1032 3910 La
1042 3857 1109 3911 Sall'
1119 3862 1170 3910 and
1179 3862 1293 3927 nuspar,

337 3931 475 3994 rexegitin
486 3930 592 3980 exilium
600 3931 755 3980 willelmum
766 3930 799 3979 de
825 3935 850 3980 to
861 3931 903 3981 W.
917 3931 951 3980 de
968 3932 1074 3992 Breosa,
1084 3932 1162 3981 dated
1173 3932 1216 3981 the
1228 3936 1289 3988 utn

337 4001 434 4051 Breosa
449 4016 507 4049 cum
526 4016 606 4050 uxore
617 4015 673 4054 ¹suu
689 4005 715 4066 et
730 4001 800 4062 liliis,
825 4001 1026 4051 Marchandiith
1036 4002 1292 4066 May,pp.1us,114,

336 4076 459 4121 ettotam
487 4071 654 4120 substantiam
674 4084 749 4119 suam
774 4075 800 4119 et
824 4071 908 4120 which
924 4086 982 4132 may
998 4073 1030 4121 be
1045 4073 1187 4122 accounted
1200 4072 1240 4123 ior
1254 4076 1289 4139 by

335 4146 427 4191 terram
439 4140 593 4202 occupavit!
626 4140 658 4188 In
669 4141 712 4189 the
724 4139 799 4190 Closs
823 4156 839 4190 a
849 4140 975 4191 reference
990 4147 1016 4190 to
1027 4140 1119 4193 John's
1130 4143 1290 4202 declaration·

337 4210 416 4274 Belle,
434 4211 516 4280 under
531 4210 582 4259 tbis
597 4224 669 4277 year,
685 4225 728 4260 are
747 4214 797 4260 two
824 4213 966 4274 respecting
976 4212 1291 4277 him,inltymer,p.1⁰7.·
