2858 4876
406 403 546 451 riorus
567 388 1097 453 nrsvoarxsun.109

148 580 234 643 gens
265 581 328 644 per
354 561 458 626 inane
494 561 580 626 illud
614 562 823 627 horribiliter
855 564 1096 645 spargebatur.
1110 577 1165 616 au
1175 576 1232 616 1¹⁰⁶

148 659 317 724 Planities
347 661 415 726 loci
445 661 539 725 illius
568 662 787 727 multitudine
815 663 981 727 vermium
1016 682 1123 726 con-o
1109 627 1263 768 {affixi

148 767 260 825 strata
281 763 449 838 scatebat,
471 761 544 824 nt
529 781 637 845 Junco
662 762 776 826 solent
801 763 980 827 domorum
1007 780 1097 826 arcae
1130 738 1166 767 ⁰⁸

148 860 295 942 operiri3
318 867 354 924 et
376 860 436 936 hii,
454 879 558 943 super
579 880 714 924 omnem
738 863 1001 926 aestimationem
1018 860 1098 925 bor·

149 959 227 1037 ridi,
244 957 414 1024 deformes
436 967 470 1024 et
492 960 689 1039 monstrosi,
706 961 935 1026 terribilioris
958 962 1047 1025 rictu
1063 968 1099 1025 et

150 1059 291 1122 naribus
307 1059 421 1140 ignem
439 1059 610 1141 spirantes
624 1060 871 1124 exsecrabilem
887 1067 1020 1126 turmas
1035 1060 1100 1123 rni-

151 1177 305 1222 serorum
318 1158 510 1224 voracitate
525 1158 757 1222 inextricabili
773 1159 990 1240 lacerabant3
1013 1179 1100 1244 quos

147 1257 221 1342 jarn
239 1264 435 1340 assumptos
457 1257 629 1321 daemones
643 1259 771 1341 ubique
788 1259 1030 1338 discurrentes,
1046 1259 1101 1322 in·

152 1357 360 1421 sanientium
382 1376 476 1420 more
495 1357 531 1419 in
553 1357 696 1421 miseros
719 1357 911 1438 servientes,
934 1379 1025 1423 nunc
1040 1378 1101 1423 eos

152 1454 326 1521 frustatim
346 1455 513 1538 ignigeris
531 1457 738 1521 truncabant
759 1456 987 1537 ferramentis,
1010 1477 1102 1523 nuuc

153 1575 288 1623 omnem
323 1576 462 1620 carnem
498 1554 544 1618 ad
579 1575 660 1620 ossa
692 1555 845 1620 funditus
878 1559 1102 1637 abradebant,

154 1673 246 1719 nunc
266 1654 340 1737 igni
356 1654 516 1739 injectos,
536 1662 576 1718 ut
598 1655 711 1720 solent
732 1657 886 1734 metalla,
903 1658 1102 1740 liquefacie-

155 1755 241 1821 bent
263 1774 324 1821 eos
341 1761 378 1818 et
395 1755 432 1818 in
452 1754 590 1817 modum
610 1756 702 1837 ignis
724 1756 877 1820 ardentis
898 1776 957 1821 eos
982 1757 1103 1821 redde-

44 1928 50 1934 ¹
155 1854 252 1919 bant.
305 1854 436 1919 Parum
457 1861 522 1932 est,
540 1853 727 1918 Dominum
746 1862 868 1934 testor,
882 1858 988 1921 immo
1005 1856 1105 1933 nihil,

156 1953 248 2037 quod
277 1951 389 2018 refero
416 1953 461 2018 de
490 1953 604 2036 poenis
637 1954 704 2019 loci
735 1954 851 2037 illius3
884 1957 982 2022 novit
1013 1956 1103 2021 euim

157 2053 255 2121 Deus
276 2053 382 2135 qnod,
410 2053 446 2115 in
468 2052 671 2117 brevissimo
693 2057 857 2136 temporis
886 2057 1000 2138 spatio
1024 2075 1106 2119 cen·

158 2160 232 2218 tum
249 2152 306 2218 vel
328 2151 475 2234 amplius
497 2153 701 2217 omnimodis
723 2174 904 2236 poenarum
925 2154 1106 2220 diversita-

158 2252 252 2319 tibus
274 2251 471 2316 annullatos
488 2258 524 2316 et
542 2272 625 2318 mox
647 2253 839 2332 restitutos,
861 2255 1054 2337 iterumque
1068 2254 1106 2316 iu

158 2352 303 2419 nibilum
329 2371 430 2435 paene
455 2352 614 2418 redactos
640 2371 680 2415 ac
704 2352 817 2416 denuo
843 2354 1106 2435 redintegratos,

160 2470 220 2517 eos
243 2451 414 2529 intuebar,
437 2470 524 2532 quos
551 2471 592 2514 eo
614 2451 690 2515 loco
708 2452 782 2515 vita
802 2452 938 2534 perdita
962 2452 1108 2516 cruciari

160 2552 319 2634 cogebat,
336 2570 483 2634 quarum
500 2550 776 2616 vicissitudinum
791 2552 906 2615 nullus
924 2559 999 2616 erat
1017 2544 1108 2628 finis,

162 2671 233 2717 non
248 2657 342 2715 meta
358 2651 487 2733 aliqua,
505 2669 567 2713 nec
583 2651 750 2713 terminus
765 2651 868 2715 ullus.
902 2651 1001 2733 Ignis
1018 2651 1108 2714 enim

162 2751 254 2817 illius
279 2757 353 2815 tam
372 2749 462 2814 edax
486 2747 553 2813 fuit
575 2749 782 2828 incendium,
804 2758 844 2815 ut
865 2752 966 2833 quasi
992 2758 1109 2833 tepere

164 2850 332 2928 crederes,
348 2850 385 2914 in
398 2848 655 2931 comparatione
670 2849 775 2928 illius,
791 2850 953 2932 quicquid
970 2853 1109 2914 combu-

164 2968 239 3014 rere
260 2950 350 3014 solet
373 2949 427 3014 vel
449 2947 601 3029 fervere;
624 2968 758 3013 vermes
782 2957 896 3013 autern
924 2948 1054 3032 dirupti
1075 2957 1111 3015 et

163 3049 293 3115 mortui
312 3048 407 3113 acin
428 3048 540 3112 inusta
556 3049 755 3113 comminuti
773 3051 837 3113 sub
857 3049 1050 3113 infelicibus
1074 3049 1112 3112 in

164 3149 360 3232 congeriem
375 3148 667 3230 glomerabantur,
685 3149 743 3230 qui
760 3149 797 3211 in
812 3148 1005 3231 putredinis
1019 3148 1112 3212 illius

167 3247 291 3313 foetore
305 3247 395 3312 tabis
410 3254 482 3311 tam
496 3246 698 3311 execrandae
713 3246 799 3311 adeo
813 3242 1113 3329 universa¹reple-

167 3349 263 3424 bant,
281 3355 320 3411 ut
338 3345 533 3411 foetulentia
549 3345 610 3409 illa
628 3363 763 3410 omnem
780 3347 1022 3430 praedictarum
1038 3366 1114 3429 poe·

168 3466 290 3512 narum
308 3446 489 3510 excederet
505 3444 707 3509 cruciatum.
754 3446 880 3510 Restat
897 3447 1009 3510 adbuc
1023 3444 1115 3529 quod

168 3546 235 3617 biis
251 3546 408 3610 omnibus
429 3544 541 3626 magis
559 3563 715 3622 exosum,
732 3564 839 3626 grave
854 3546 984 3628 pariter
1001 3564 1042 3609 ac
1056 3550 1116 3610 ve-

168 3644 368 3722 recundum,
383 3643 570 3707 damnatici
584 3644 652 3708 loci
671 3644 765 3708 illius
781 3644 929 3708 tolerare
945 3645 1117 3725 cogeban-

170 3751 246 3825 tur3
272 3762 392 3808 omnes
415 3743 518 3820 enirn,
542 3743 602 3825 qui
624 3744 672 3807 ibi
695 3743 939 3826 puniebantur,
967 3743 1118 3821 sceleris,

169 3842 263 3927 qnod
280 3861 344 3907 nec
358 3842 528 3906 nominari
544 3841 625 3906 licet
641 3862 663 3906 a
680 3842 890 3921 Christiano,
900 3842 962 3908 sed
977 3861 1040 3906 nee
1056 3842 1120 3909 eti·⁴
1173 3902 1177 3909 ,

171 3962 228 4008 am
244 3943 289 4007 ab
303 3941 441 4007 ethnico
455 3941 609 4024 quolibet
623 3943 679 4007 vel
694 3963 844 4026 pagano,
860 3943 896 4005 in
912 3942 1029 4007 seculo
1045 3941 1120 4004 fue·

169 4048 253 4111 rant
262 4048 468 4125 patratores.
498 4041 576 4106 Hos
593 4043 710 4125 itaque
724 4050 878 4106 monstra
895 4041 1053 4124 quaedam
1068 4039 1123 4100 in·

421 4193 597 4261 mooun]
614 4190 769 4258 ‘saplebat’
781 4196 808 4242 ιιι
819 4195 877 4243 ius,
