2858 4876
195 781 250 821 Μ).
261 783 318 820 1216.

195 831 238 870 lrle
246 831 269 870 ol
276 831 315 880 Ely

194 882 280 921 wanted.

355 395 421 458 358
447 473 452 482 ,
604 410 737 457 uocum
766 411 813 457 nu
836 411 1045 460 wnunovnu

441 717 442 720 Ἴ
538 643 587 707 De
602 639 833 728 depopulatione
848 640 986 705 Ellenrls
1002 639 1089 704 insul
1113 688 1121 704 .

407 761 552 830 Eodem¹
569 774 723 849 tempore
740 765 918 831 Walterus
935 766 1031 828 Buce
1051 784 1130 828 cum
1149 765 1304 830 Braban-

357 867 415 931 tiis
437 868 522 945 suis,
544 885 665 931 versus
688 860 879 931 ²Herebeie
903 865 1076 934 Eliensem
1097 866 1232 929 intrans
1254 865 1307 928 in-

357 968 482 1044 sulam,
511 968 553 1031 ab
582 967 741 1030 omnibus
773 965 927 1034 ecclesiis
955 965 993 1033 in
1019 964 1082 1031 illa
1106 965 1306 1034 constitutis

357 1067 512 1131 homines
536 1067 673 1148 rapiens
703 1066 938 1130 crudelissimo
963 1063 1119 1129 cruciatu
1149 1064 1194 1128 ad
1224 1083 1307 1145 gra·

356 1167 534 1230 vissimam
562 1165 830 1248 redemptionem
856 1165 998 1247 coegit3
1029 1183 1092 1233 nec
1117 1171 1193 1229 erat
1215 1162 1307 1227 refu-

356 1267 464 1348 gium,
487 1267 546 1330 ubi
569 1266 625 1330 vel
651 1265 881 1330 substantiam
900 1265 957 1330 vel
978 1283 1104 1346 corpus
1129 1263 1306 1346 proprium
1382 1316 1387 1328 .

357 1385 378 1429 a
406 1366 559 1448 periculo
590 1365 764 1442 liberaret,
795 1383 910 1431 comes
942 1382 1091 1446 namque
1123 1363 1307 1428 Saresbiri-

357 1465 449 1528 ensis
474 1471 510 1528 et
534 1465 715 1529 Falcasius
737 1484 814 1531 cum
838 1464 1002 1531 Savarico
1023 1463 1066 1529 de
1089 1462 1305 1527 Malo-leone

357 1584 376 1627 e
400 1565 541 1646 regione
566 1564 755 1642 venientes,
782 1584 844 1648 per
868 1571 1008 1647 pontem
1034 1564 1077 1627 de
1101 1562 1306 1629 Stunteueia

356 1664 504 1727 insulam
531 1665 691 1746 ingressi,
717 1665 833 1731 omnia
861 1662 1116 1746 depopulando,
1140 1663 1305 1729 ecclesias

356 1783 475 1829 omnes
500 1764 693 1847 spoliando,
715 1764 958 1848 praedictorum
984 1763 1148 1846 reliquias
1170 1762 1306 1847 praedo-

356 1883 438 1927 num
466 1865 604 1946 penitus
629 1871 829 1947 rapuerunt.
887 1863 1130 1931 cathedralem
1157 1862 1305 1945 denique

356 1963 486 2029 strictis
508 1965 649 2028 ensibus
675 1964 825 2046 ingressi
850 1962 1043 2041 ecclesiam,
1068 1969 1151 2046 post
1171 1963 1307 2044 gravis-

355 2065 477 2128 simam
499 2070 535 2128 et
557 2064 811 2146 spoliationem,
835 2084 879 2128 ne
904 2064 987 2146 igne
1016 2069 1305 2141 concremaretur,

354 2164 449 2244 prior
471 2163 539 2228 loci
559 2182 635 2231 eam
656 2164 814 2228 ducentis
834 2173 870 2230 et
885 2183 1008 2228 novem
1026 2163 1151 2227 marcis
1168 2164 1304 2244 argenti

353 2263 415 2325 rix
435 2263 590 2327 redemit.
643 2263 815 2330 Dominus
833 2271 1002 2348 praeterea
1020 2262 1218 2346 Stephanus
1239 2263 1304 2327 Ri-

356 2361 411 2425 del
432 2364 477 2427 ab
509 2364 655 2428 ecclesia
677 2364 845 2429 violenter
871 2370 1051 2428 extractus
1081 2363 1198 2427 omnia
1224 2383 1304 2446 per·

354 2461 443 2526 didit
471 2482 550 2545 quae
584 2462 746 2541 habebat,
783 2483 890 2546 equos
927 2463 1089 2529 videlicet
1120 2470 1156 2529 et
1184 2463 1305 2541 libros,

354 2562 518 2627 utensilia
550 2563 666 2629 omnia
697 2571 733 2627 et
754 2583 866 2643 rasa3
900 2582 1026 2645 corpus
1055 2582 1192 2645 quoque
1219 2583 1302 2647 pro-

354 2661 479 2744 prium,
493 2662 585 2729 datis
599 2670 738 2729 centum
760 2664 898 2741 marcis,
915 2682 936 2727 a
951 2681 1131 2745 poenarum
1146 2663 1302 2727 cmciatu

353 2762 413 2825 vix
436 2762 607 2827 liberavit.
661 2762 793 2829 Milites
813 2770 929 2829 autem
947 2783 1089 2827 numero
1106 2763 1302 2845 quindecim

352 2862 389 2926 in
413 2861 529 2927 insula
553 2862 647 2944 capti
672 2870 765 2940 sunt,
789 2883 867 2929 cum
892 2862 969 2926 aliis
992 2863 1188 2934 hominibus
1212 2864 1302 2926 mul-

355 2961 401 3026 tis
420 2960 566 3026 diversae
589 2962 807 3029 conditionis.
861 2962 1015 3030 Ditiones
1038 2963 1165 3032 milites
1184 2970 1219 3026 et
1238 2983 1302 3027 uo-

352 3060 504 3138 biliores,
534 3060 616 3126 licet
643 3081 720 3126 cum
752 3062 882 3139 labore,
913 3080 1017 3144 super
1045 3064 1191 3146 glaciem
1221 3082 1303 3127 eva-

351 3159 473 3224 dentes
493 3161 536 3225 ad
556 3162 675 3225 urbem
692 3160 949 3229 Londoniarum
968 3162 1201 3242 aufugerunt3
1225 3163 1302 3245 qui·

351 3258 431 3324 dam
449 3280 531 3325 vero
555 3281 685 3337 eorum,
710 3261 947 3328 deficientibus
969 3263 1069 3344 equis
1091 3263 1128 3327 in
1148 3261 1206 3326 via
1228 3282 1302 3345 prae

351 3358 568 3436 lassitudine,
596 3361 690 3443 capti
720 3369 813 3437 sunt,
845 3361 911 3427 iter
942 3382 1108 3444 peragere
1139 3382 1208 3426 non
1240 3381 1303 3429 va·

351 3457 473 3524 lentes.
539 3460 586 3523 Et
615 3462 666 3525 sic
695 3461 818 3525 deinde
851 3462 978 3539 omnia,
1009 3481 1089 3545 quae
1117 3463 1153 3524 in
1186 3462 1301 3527 insula

346 3566 462 3636 erant,
480 3560 681 3641 praedonum
703 3561 823 3625 usibus
845 3562 919 3625 sine
942 3561 1214 3628 contradictione
1228 3582 1303 3626 ces-

351 3665 481 3723 serunt.

386 3831 497 3884 ¹Eodem
517 3837 658 3899 tempora]
687 3836 811 3898 Compare
836 3838 865 3887 oi
883 3836 925 3887 the
948 3851 1029 3899 army,
1048 3837 1098 3885 and
1117 3851 1172 3887 was
1194 3838 1236 3888 the
1259 3839 1302 3889 old

350 3904 518 3967 Goggeshale,
529 3921 555 3967 p.
567 3910 624 3956 110.
837 3907 995 3957 fortification
1010 3907 1095 3957 where
1110 3907 1152 3957 the
1171 3907 1301 3970 Conquer-

387 3973 524 4024 “Hereleie
532 3977 555 4038 ;]
571 3978 578 4003 ⁴
592 3977 610 4026 i.
622 3992 642 4026 e.
661 3976 703 4025 the
720 3976 811 4025 station
837 3973 885 4027 or’s
893 3992 965 4038 army
973 3977 1016 4038 lay
1026 3977 1047 4037 ;'
1058 3977 1201 4041 Tyrrell‚ii.
1209 3994 1235 4040 p.
1243 3983 1301 4028 ⁷9⁰.
