2858 4876
413 401 550 450 neonus
577 400 847 451 fflsronmauu.
1038 388 1104 454 287

115 649 118 655 Ι
149 564 258 642 deret,
282 563 373 646 fugit
394 582 416 627 a
437 569 537 644 tergo
552 561 644 643 regis
659 561 683 626 J
686 561 852 641 ohannis;
876 565 995 646 sicque
1011 571 1105 628 uter·
1118 576 1173 619 aa.
1185 578 1241 618 12¹⁴.

150 684 218 747 que
236 665 411 729 exercitus
427 663 660 744 ignominiosa
674 662 831 745 dilapsus
848 662 944 746 suga,
958 670 1106 746 uterque

150 765 300 829 alterum
315 783 338 828 a
354 771 453 846 tergo
471 763 653 827 salutavit.

204 936 346 1017 Qualiter
375 958 431 1002 roe
459 938 661 1003 Francorum
691 945 799 1002 caretro
829 936 995 1000 aaaroitara
1026 937 1106 1023 repis

249 1037 436 1123 Amorem,
455 1037 597 1122 quierat
618 1039 654 1103 ire
668 1036 845 1114 Flaadra'c,
861 1036 1012 1102 hostiliter
1027 1059 1107 1122 pro·

256 1137 387 1201 raserit.
941 1131 948 1142 '

209 1259 279 1325 His
296 1281 433 1345 quoque
453 1261 574 1325 diebus
597 1262 770 1325 exercitus
790 1261 882 1344 regis
899 1259 1106 1344 Anglorum,
1118 1276 1222 1368 {ms

157 1361 218 1445 qui
234 1364 359 1426 eratin
375 1361 552 1438 Flandria,
573 1361 660 1426 adeo
683 1360 925 1425 debacchando
945 1361 1103 1439 invaluit,
1212 1354 1217 1366 ’

156 1468 208 1538 ut,
234 1460 392 1544 plurimis
421 1460 641 1544 depopulatis
664 1460 864 1543 provinciiS,
879 1462 955 1546 jam
977 1481 1106 1544 pagum

154 1561 333 1643 ingressus
355 1562 603 1627 Pontivensem
624 1560 754 1625 crudeli
777 1561 879 1625 nimis
899 1561 1026 1626 ibidem
1049 1580 1106 1625 ra-

153 1661 209 1726 bie
240 1660 447 1742 desaeviret3
480 1667 580 1725 erant
612 1660 703 1724 enim
732 1660 769 1725 in
795 1660 861 1725 hac
887 1661 1107 1743 expeditione

154 1761 222 1826 viri
239 1761 396 1827 bellicosi
414 1761 502 1825 etin
519 1780 556 1824 re
570 1760 713 1824 militari
734 1761 881 1842 experti,
896 1760 1107 1839 WillelmuS,

154 1859 229 1924 dux
263 1858 477 1938 Hellandiae,
513 1859 743 1942 Reginaldus,
781 1860 955 1942 quondam
991 1880 1107 1924 comes

156 1961 338 2037 Bononiae,
361 1956 572 2037 Ferrandus,
586 1978 701 2024 comes
723 1959 911 2037 Flandriae,
932 1959 1042 2042 Hugo
1064 1959 1107 2025 de

155 2059 284 2138 Boves,
301 2061 400 2125 miles
424 2067 585 2124 strenuus
612 2060 673 2123 sed
697 2059 845 2124 crudelis
869 2066 905 2123 et
925 2061 1106 2142 superbus,

157 2161 218 2244 qui
233 2167 335 2225 tanta
352 2161 389 2224 in
408 2161 566 2243 partibus
579 2158 649 2222 illis
669 2160 765 2223 rabie
785 2159 964 2236 saeviebat,
988 2167 1028 2224 ut
1044 2179 1107 2224 nec

156 2260 295 2344 quidem
318 2260 419 2324 sexui
439 2259 597 2324 muliebri
618 2279 682 2324 nec
703 2260 927 2341 parvulorum
951 2267 1109 2342 parceret

157 2360 266 2424 aetati.
313 2360 393 2425 Rex
411 2367 528 2425 autem
542 2357 566 2423 J
569 2358 723 2423 ohannes
738 2360 966 2423 constituerat
980 2378 1110 2423 mares-

157 2458 307 2524 challum
320 2460 414 2524 illius
429 2458 603 2524 exercitus
613 2458 826 2524 Willelmum
841 2459 982 2524 fratrem
995 2479 1108 2538 suum,

158 2560 319 2624 comitem
328 2558 628 2636 Saresbiriensem,
642 2577 720 2622 cum
730 2558 855 2622 militia
867 2559 966 2640 regni
975 2557 1109 2641 Angla-

157 2679 248 2737 rnm,
266 2665 310 2723 ut
327 2679 406 2723 cum
428 2656 514 2741 ipsis
535 2658 702 2722 militaret
724 2665 829 2740 atque
855 2658 933 2722 aliis
958 2659 1110 2723 militan-

159 2760 252 2823 tibus
267 2759 309 2823 de
324 2760 409 2822 fisco
431 2758 604 2842 stipendia
621 2759 846 2822 ministraret.
898 2758 1110 2824 Habuerunt

159 2866 330 2942 praeterea
343 2858 448 2924 iidem
461 2858 647 2923 bellatores
665 2857 827 2935 Othonis,
838 2857 990 2922 Romani
1004 2860 1111 2942 impe-

160 2957 298 3037 ratoris,
325 2958 494 3022 auxilium
520 2958 651 3040 pariter
678 2964 713 3020 et
737 2957 904 3035 favorem,
930 2973 1008 3022 cum
1033 2965 1109 3023 toto

160 3076 264 3142 posse
284 3057 383 3122 ducis
406 3057 571 3123 Lovaniae
593 3063 629 3120 et
648 3056 929 3134 Brabantiorum,
954 3057 1014 3139 qui
1035 3058 1111 3139 pari

160 3157 344 3243 tyrannide
373 3157 409 3220 in
439 3157 677 3238 Francigenas
705 3157 907 3221 saeviebant.
954 3155 1111 3240 Cumque

161 3256 309 3340 denique
330 3256 406 3321 haec
429 3257 546 3321 omnia
576 3257 620 3321 ad
645 3256 804 3321 notitiam
829 3254 995 3339 Philippi,
1018 3257 1111 3338 regis

163 3357 392 3433 Francorum,
416 3357 648 3433 devenissent,
671 3358 897 3439 perturbatus
919 3362 973 3419 e'st
997 3356 1112 3433 valde,

160 3456 287 3520 timens
306 3475 350 3520 ne
369 3455 541 3521 sufficeret
556 3456 599 3520 ad
621 3457 715 3521 illins
736 3456 847 3540 partis
868 3455 1113 3534 defensionem,

160 3555 223 3639 qui
238 3575 347 3638 nuper
365 3555 588 3621 ludowicum
609 3557 718 3620 filium
740 3574 839 3619 suum
863 3575 940 3620 cum
957 3556 1112 3621 exercitu

160 3655 304 3737 copioso
317 3655 355 3719 in
368 3655 562 3720 Pictaviam
579 3655 754 3718 direxerat
771 3661 893 3719 contra
909 3674 1026 3737 regem
1037 3654 1112 3719 An·

162 3754 311 3836 glorum,
333 3754 464 3839 atejus
485 3755 644 3818 incursus
665 3753 808 3818 bellicos
826 3754 1049 3834 refraenaret;
1077 3761 1113 3818 et

161 3854 245 3918 licet
272 3854 364 3918 idem
390 3874 454 3917 rex
483 3854 611 3936 saepius
640 3854 834 3918 revolveret
856 3853 943 3917 illud
968 3855 1113 3936 vulgare

162 3954 395 4037 proverbium,

265 4063 418 4121 ‘Pluribus
432 4063 556 4120 intentus
569 4062 662 4120 minor
675 4070 719 4120 est
732 4062 769 4120 ad
782 4063 893 4140 singula
907 4064 1027 4130 seusus:

163 4182 292 4252 tamen,
329 4175 483 4240 exercitu
525 4193 652 4255 magno
691 4182 903 4257 congregato
940 4175 1116 4253 comitum,
