2858 4876
435 386 479 450 7⁰
690 399 824 448 uocum
848 397 895 445 nn
918 394 1127 444 wnnnovna

277 569 399 610 blalm-
438 573 565 633 ensem,
588 553 648 637 qui
678 554 826 619 Romam
851 552 1027 635 profectus
1056 550 1184 615 ibidem
1210 556 1265 613 est
1289 568 1399 632 pres·

437 657 536 737 byter
561 653 752 728 ordinatus,
778 659 815 716 et
841 650 973 715 decimo
995 650 1099 714 tertio
1126 647 1301 712 kalendas
1322 648 1401 715 Oc·

437 752 546 817 tobris
580 752 623 815 ab
652 749 803 827 Albano,
830 748 1022 814 Albanensi
1054 748 1230 832 episcopo,
1258 765 1400 812 munns

437 848 705 916 consecrationis
721 847 885 932 suscepit.

501 1020 643 1103 Qualiter
659 1019 727 1086 duta
739 1019 875 1085 Aoum
889 1038 987 1104 ructu
999 1016 1125 1105 Aeolia
1138 1017 1329 1103 imperatori

277 1256 428 1346 d'ssiiiiis·
489 1239 593 1306 Anno
619 1240 743 1323 gratier
765 1256 923 1304 ucxom.
948 1256 1012 1303 rex
1033 1237 1229 1303 Richardus
1251 1255 1399 1302 reman-

279 1365 380 1405 emneror·
438 1340 486 1404 sit
503 1341 540 1404 in
561 1340 720 1404 custodia
737 1339 836 1403 ducis
852 1337 1019 1415 Austriae,
1039 1336 1149 1401 donec
1166 1338 1281 1420 ipsum
1303 1356 1398 1402 ven·

438 1438 526 1503 didit
545 1436 746 1521 imperatori
763 1438 924 1502 Romano
945 1456 1009 1520 pro
1030 1436 1217 1518 sexaginta
1234 1435 1398 1500 millibus

438 1537 536 1601 libris
562 1536 697 1618 argenti
721 1536 765 1601 ad
793 1536 928 1618 pondus
954 1534 1224 1612 coloniensium,
1245 1540 1283 1598 et
1302 1541 1397 1598 tunc

438 1634 526 1699 feria
548 1637 651 1700 tertia
673 1642 754 1717 post
771 1633 903 1698 Remos
927 1634 1121 1717 palmarum
1142 1634 1256 1716 ipsum
1275 1631 1397 1697 addu-

440 1751 522 1797 cens
543 1735 728 1815 diligenter
748 1730 916 1798 custodiri
936 1732 1040 1810 fecit3
1070 1739 1118 1810 ct,
1140 1739 1181 1796 ut
1201 1749 1320 1812 regem
1343 1731 1397 1796 ad

439 1831 699 1895 immoderatam
734 1830 980 1915 redemptionis
1007 1829 1163 1913 pecnniae
1196 1828 1400 1911 impelleret

440 1928 684 2012 quantitatem,
707 1921 854 1994 ¹retrndi
871 1949 949 1994 eum
969 1929 1135 2012 praeoepit
1151 1928 1188 1991 in
1208 1927 1399 2006 Trivaliis,

440 2045 464 2091 a
485 2046 556 2110 quo
579 2045 716 2091 carcere
743 2028 860 2092 nullus
882 2035 964 2092 ante
985 2028 1060 2091 dies
1082 2027 1171 2091 istos
1193 2024 1306 2090 exivit
1326 2027 1397 2108 qui

439 2125 565 2189 ibidem
601 2125 758 2202 intravit,
790 2125 834 2189 de
867 2144 937 2207 quo
969 2123 1177 2190 Aristoteles
1211 2117 1266 2187 'in
1297 2122 1396 2189 libro

439 2224 573 2304 quinto,
602 2224 760 2287 ‘Bonum
788 2233 842 2287 est
871 2229 1023 2286 mactare
1054 2228 1215 2303 parentes
1239 2221 1276 2284 in
1306 2219 1395 2286 Tri·

438 2320 566 2397 rallis,’
585 2328 621 2385 et
638 2321 734 2397 alibi,

478 2473 487 2502 ‘
499 2466 572 2526 Sunt
584 2464 656 2536 loca,
670 2471 737 2523 sunt
749 2471 859 2543 gentes,
872 2464 974 2543 quibus
988 2473 1032 2525 est
1044 2473 1168 2525 maome
1181 2472 1315 2544 parentes
1323 2462 1348 2536 ς’

438 2609 498 2674 ubi
526 2610 592 2674 sub
619 2607 761 2691 copiosa
785 2606 933 2673 militum
959 2613 995 2670 et
1019 2607 1243 2673 servientium
1267 2607 1396 2675 multi-

436 2708 570 2786 tudine,
590 2706 650 2790 qui
670 2725 748 2770 eum
775 2707 813 2771 in
839 2706 926 2771 locis
950 2706 1110 2772 omnibus
1132 2705 1188 2770 die
1210 2712 1396 2790 noctuque

438 2808 567 2870 strictis
604 2805 852 2870 comitarentur
886 2803 1023 2884 gladiis,
1058 2804 1254 2887 lectumque
1288 2807 1391 2888 regis

438 2905 637 2968 ambiebant
663 2897 847 2986 ⁸deputati,
874 2902 1045 2966 neminem
1070 2921 1211 2967 suorum
1237 2922 1317 2967 oum
1341 2924 1392 2971 oo

437 3009 640 3083 pernoctare
671 3001 909 3083 permiserunt.
970 2999 1060 3065 Haec
1093 3002 1209 3065 omnia
1237 3002 1395 3069 serenis·

438 3100 516 3164 simi
543 3099 710 3182 principis
740 3117 916 3181 nunquam
946 3099 1126 3164 obfuscare
1156 3099 1291 3165 vultum
1320 3119 1394 3182 po·

438 3205 591 3275 tuerunt,
613 3199 697 3280 quin
713 3198 832 3262 hilaris
852 3204 888 3262 et
902 3195 1077 3279 jucundus
1091 3198 1128 3262 in
1146 3197 1273 3275 verbis,
1297 3200 1390 3282 quia

438 3295 537 3360 ferox
560 3303 596 3360 et
623 3296 871 3360 audacissimus
894 3295 932 3359 in
957 3295 1071 3371 factis,
1101 3305 1206 3378 prout
1231 3303 1389 3379 tempus,

438 3393 547 3472 locus,
571 3413 690 3470 causa,
709 3412 856 3475 persona
877 3392 1052 3475 exigebat,
1077 3412 1211 3476 semper
1235 3413 1389 3479 appate-

438 3500 508 3571 ret;
530 3493 667 3575 quoties
691 3498 807 3556 autem
829 3492 990 3558 custodes
1008 3510 1091 3557 suos
1110 3491 1300 3574 joculando
1321 3493 1387 3561 de·

438 3592 642 3672 turpaverit,
664 3590 800 3674 quoties
824 3610 884 3655 eos
910 3589 1112 3655 inebriando
1139 3589 1387 3672 ludificaverit,

437 3690 574 3768 quoties
610 3696 680 3752 tam
718 3689 917 3753 immanium
947 3689 1040 3753 vires
1070 3707 1250 3769 corporum
1279 3693 1388 3771 quasi

472 3881 605 3934 ¹Retrudi.
616 3884 674 3936 ..ia
681 3879 818 3953 Tristitia]
828 3884 896 3948 θος·
919 3885 1068 3936 asterwards
1084 3888 1111 3933 at
1126 3885 1241 3944 Worms3
1257 3883 1306 3935 cot
1323 3887 1390 3936 838.

435 3952 548 4016 gesbaie,
568 3952 651 4001 whom
669 3952 812 4002 Wendover
835 3954 895 4004 here
953 3951 1391 4017 ²1autroquiat0.]‘1nuopieo-

434 4021 894 4085 leavesiorDicemsaysthathewas
918 4017 1168 4083 rumlibroquinto3’
1188 4023 1217 4071 c.

434 4090 587 4153 imprisoned
605 4092 659 4145 first
677 4097 705 4143 at
720 4091 824 4156 iberes,
843 4093 894 4142 and
953 4089 1115 4155 menetai]
1126 4089 1298 4154 ‘Deputatia’
1309 4090 1373 4143 MS.
