2858 4876
422 410 562 459 vuonns
586 411 857 460 urs'ronmnuu.
1067 398 1111 463 31

164 573 247 636 tatis
273 571 399 636 habere
425 592 495 636 non
521 573 647 656 potuit,
675 573 902 656 Francigenae
926 575 1016 638 enim
1039 590 1245 639 mesano.

163 674 308 737 tuebant
331 694 373 737 ue
398 673 565 738 victualia
586 672 721 738 duobus
744 676 883 757 regibus
905 674 1112 753 sufficerent,

164 794 252 856 quos
269 774 454 838 multitudo
471 775 625 838 maxima
639 777 861 859 sequebatur.
914 774 1016 853 Quod
1033 796 1112 840 cum

165 894 228 938 rex
268 874 465 939 Richardus
497 877 729 956 cognovisset,
763 876 857 941 misit
891 875 1112 940 marescallos

165 995 248 1040 suos
275 975 319 1039 ad
350 976 500 1060 majores
526 975 695 1056 civitatis,
726 984 849 1058 petens
877 983 917 1039 ut
946 978 1113 1041 exercitui

165 1095 230 1140 suo
255 1076 420 1140 victualia
435 1075 634 1153 venderent,
658 1096 701 1140 ne
718 1096 875 1140 escarum
897 1078 1041 1159 penuria
1060 1078 1112 1140 la·

166 1177 348 1255 borarent;
384 1183 422 1239 at
455 1176 549 1240 cives
578 1185 697 1259 portas
728 1178 876 1261 aperire,
902 1184 938 1241 et
965 1178 1112 1259 benigne

167 1282 304 1340 tantum
324 1277 513 1359 principem
531 1277 694 1360 recipere,
711 1279 880 1356 volenteS,
899 1278 1025 1341 Franci
1043 1298 1113 1342 non

167 1378 406 1458 permiserunt,
425 1377 486 1440 sed
509 1379 634 1442 armati
658 1398 775 1442 muros
793 1379 1017 1442 ascendentes
1034 1398 1114 1461 por-

167 1484 222 1542 tas
233 1477 415 1542 defendere
426 1478 641 1543 laborabant.
684 1478 764 1557 Quo
776 1479 880 1556 facto,
891 1499 954 1542 rex
968 1478 1114 1543 Richar-

166 1577 231 1643 dus
243 1579 350 1665 jussit
366 1579 534 1643 exercitui
551 1599 614 1643 suo
632 1579 676 1642 ad
699 1598 796 1642 arma
816 1579 1012 1657 convolare,
1035 1580 1118 1643 sibi·

168 1699 236 1763 que
259 1687 295 1744 et
316 1681 388 1744 suis
412 1680 618 1762 ingressum,
642 1681 799 1745 hostibus
823 1679 954 1757 invitiS,
979 1699 1115 1763 praepa·

169 1801 266 1860 rare3
298 1782 357 1864 qui
381 1780 474 1846 illico
500 1781 682 1865 praeceptis
705 1782 810 1863 regiis
839 1783 1116 1864 obtemperantes

170 1881 291 1947 valvas
329 1883 544 1960 invaserunt,
581 1882 767 1966 multisque
805 1900 850 1946 cx
890 1882 1116 1964 Francigenis

169 1982 371 2061 interfectis,
399 1983 567 2048 violenter
595 1971 830 2060 intraverunt,¹
854 1991 959 2066 atque
985 1985 1116 2066 praevio

168 2103 250 2165 rege
281 2103 400 2149 omnes
426 2084 460 2147 in
486 2084 605 2165 fugam
629 2084 880 2165 compulerunt.
935 2083 1015 2147 Hoc
1045 2083 1117 2147 fac·

171 2191 244 2247 tum
261 2203 339 2246 cum
363 2183 577 2266 pervenisset
598 2183 642 2246 ad
666 2202 766 2247 aures
783 2184 874 2265 regis
891 2184 1117 2259 Francorum,

171 2283 358 2347 maximam
389 2282 555 2347 adversus
584 2303 700 2365 regem
730 2282 925 2365 Anglorum
958 2283 1117 2364 indigna-

172 2385 308 2458 tionem*
323 2385 358 2447 in
382 2383 497 2447 animo
525 2383 721 2466 concipiens
752 2403 928 2467 nunquam
954 2403 1030 2448 eam
1056 2384 1115 2447 de-

170 2484 288 2567 posuit
314 2483 478 2567 quamdiu
510 2485 725 2566 supervixit3
751 2491 976 2549 veruntamen
997 2483 1117 2548 eodem

172 2585 226 2649 die
250 2584 458 2668 colloquium
484 2583 650 2649 babentes
676 2585 857 2668 pacificum
885 2584 1015 2650 nullam
1045 2604 1119 2649 om-

172 2686 252 2750 nino
270 2687 477 2750 mentionem
492 2685 536 2748 de
551 2685 654 2748 rebus
671 2686 778 2767 gestis
792 2686 959 2750 fecerunt.

217 2861 259 2927 Ut
271 2882 325 2926 rec
341 2858 521 2924 Riclordus
535 2859 687 2943 quosdam
702 2857 883 2923 munitiones
897 2857 1081 2944 subjupuoit.

217 2987 347 3052 Eodem
364 2994 530 3065 tempore,
547 2992 672 3048 octavo
683 2982 853 3047 kalendas
868 2984 1041 3061 OctobriS,
1057 3005 1119 3048 rex
1131 3000 1231 3050 aaran

174 3078 385 3153 Francorum
403 3103 510 3149 naves
534 3083 702 3161 ascendit,
721 3085 793 3161 sed,
814 3085 976 3167 quoniam
995 3093 1120 3149 ventus
1130 3055 1168 3094 ²¹¹⁶
1176 3055 1240 3091 Μ’

172 3189 204 3254 ci
221 3196 296 3253 erat
312 3186 519 3263 contrarius,
541 3184 619 3268 ipso
641 3184 696 3247 die
719 3184 918 3248 Messanam
940 3186 1062 3265 rediit3
1086 3194 1121 3251 et

172 3309 235 3354 rex
259 3287 454 3353 Richardus
479 3285 590 3367 pridie
612 3284 777 3349 kalendas
798 3285 960 3350 Octobris
982 3287 1121 3350 transiit

173 3389 328 3465 fluvium,
352 3386 412 3470 qui
441 3380 529 3449 ¹Far
551 3385 688 3464 dicitur,
711 3391 747 3449 et
775 3386 867 3468 cepit
896 3386 933 3450 in
959 3386 1122 3475 Calabria

167 3488 285 3555 ‘locum
306 3485 587 3566 munitissimum,
610 3486 670 3570 qui
692 3484 885 3551 Labamare
904 3486 1120 3569 appellatum

173 3591 291 3674 posuit
320 3589 356 3652 in
388 3606 429 3651 eo
460 3606 612 3652 sororem
644 3606 744 3650 suam
776 3586 799 3651 J
802 3585 986 3663 ohannem,
1013 3607 1121 3670 qnon-

172 3693 253 3756 dam
269 3689 396 3755 Siciliae
414 3688 580 3770 reginam,
598 3695 634 3752 et
649 3687 750 3751 rediit
767 3687 812 3750 ad
830 3687 1043 3753 Messanam.
1077 3687 1121 3751 ln

172 3790 325 3857 crastino
349 3797 466 3854 autem
493 3789 585 3871 cepit
608 3787 789 3853 castellum
812 3788 904 3852 inter
925 3787 1121 3852 Calabriam

173 3901 209 3958 ct
225 3892 437 3968 Messanam,
453 3889 545 3972 quod
562 3881 826 3953 ²monasterinm
843 3887 1027 3954 Grifonum
1037 3909 1122 3952 nun·

209 4101 296 4165 ¹Far.]
307 4101 360 4150 ‘Le
367 4101 418 4150 Far
425 4101 457 4150 de
467 4093 635 4161 Mesebines3’
661 4103 715 4148 tum
726 4099 791 4148 inter
801 4098 828 4147 la
846 4098 971 4148 Banniere
989 4103 1014 4147 et
1026 4098 1125 4147 Messa·

174 4174 305 4226 Benedict.
317 4175 375 4221 ott.
661 4184 719 4218 nam
730 4164 745 4230 ;’
757 4169 911 4232 Derineap.
921 4173 962 4219 19.
985 4167 1054 4217 ‘The
1061 4173 1123 4217 term

206 4240 400 4294 monacnum
416 4239 567 4306 Grifoaumfl
586 4239 636 4290 ‘si·
661 4239 790 4298 Griffones
800 4239 921 4290 included
931 4239 974 4289 tbe
982 4237 1070 4290 Greek
1080 4254 1125 4301 po-
