2858 4876
417 399 557 449 necans
584 399 854 450 msromauuu.
1041 388 1107 453 119

153 559 240 623 bene
259 557 363 622 licere
382 559 524 625 cuilibet
544 562 691 643 potenti,
714 567 749 626 et
764 569 1014 646 consequenter
1031 563 1104 645 regi
1116 579 1240 624 surm.

153 656 360 740 Anglorum‚
383 666 485 724 terrae
508 679 580 724 suae
602 662 790 726 infirmiora
812 663 957 741 munire,
976 663 1104 729 nasibi

153 758 294 840 perinde
325 759 490 823 damnum
523 761 662 826 eveniat
688 769 750 826 aut
781 781 980 844 gravamen.
1032 763 1105 827 Sub

154 857 220 922 hac
247 865 363 922 autem
388 858 484 941 pacis
511 859 622 924 forma
650 862 764 925 nuntii
790 868 863 926 tam
883 863 977 944 regis
999 881 1105 945 quam

154 956 403 1040 archiepiscopi
446 966 658 1025 revertentes
691 962 966 1044 impetraverunt
997 963 1105 1028 inter·

154 1056 237 1121 dicti
253 1059 460 1123 sententiam
475 1059 639 1123 relaxari.

230 1229 352 1295 Forma
361 1229 456 1316 pacis
461 1231 561 1315 fucta
576 1230 656 1295 inter
671 1251 769 1317 repom
782 1229 979 1296 Riclordum
993 1238 1021 1297 et

351 1329 613 1416 archiepiscopum
627 1331 903 1418 Rotlomupeaaem.

207 1453 335 1519 Forma
354 1460 470 1519 autem
492 1455 588 1538 pacis
611 1465 646 1521 et
668 1455 861 1520 concordiae
882 1456 973 1520 inter
998 1456 1105 1521 domi-
1117 1469 1267 1510 romam

155 1574 238 1619 num
253 1575 370 1637 regem
384 1553 523 1637 Angliae
540 1562 575 1621 ct
591 1555 771 1620 ecclesiam
788 1531 1142 1638 Rorhomagensem⁰⁰
1117 1572 1213 1662 {w
1157 1521 1244 1560 ΜΘΗ

156 1660 192 1720 et
207 1654 504 1737 archiepiscopum
524 1673 618 1738 saepc
642 1656 804 1720 dictum
794 1676 831 1719 m
852 1655 943 1721 hunc
966 1658 1105 1720 modum

156 1773 193 1819 se
214 1748 377 1835 babet3¹
385 1754 615 1833 ‘Richardns
636 1756 704 1820 Dei
727 1757 839 1838 gratia
866 1776 929 1819 rex
953 1755 1105 1838 Angliae,

156 1861 193 1919 et
213 1861 353 1921 caetera.
398 1853 487 1919 Cum
506 1862 729 1920 sacrosancta
748 1856 894 1921 ecclesia
911 1875 1039 1938 sponsa
1059 1857 1106 1922 sit

158 1953 268 2037 Regis
284 1953 404 2018 aetcrni
419 1962 455 2018 ct
471 1954 575 2020 unica
591 1954 701 2037 ipsius
709 1955 847 2033 dilecta,
864 1976 926 2038 per
937 1976 1039 2038 quem
1050 1976 1104 2020 re·

157 2072 218 2137 ges
241 2061 390 2135 regnant
406 2060 441 2118 et
463 2055 635 2138 principes
655 2055 890 2137 gubernacula
916 2055 1105 2137 possident,

155 2159 255 2219 tanto
281 2154 481 2237 ampliorem
504 2155 537 2219 ei
557 2155 717 2220 volumus
740 2155 959 2219 devotionem
989 2162 1025 2218 et
1050 2174 1105 2218 re-

156 2253 346 2318 verentiam
375 2253 538 2318 exhibere
567 2260 700 2338 quanto
725 2255 852 2318 certius
880 2273 950 2318 non
973 2254 1105 2335 regiam

155 2359 291 2418 tantum
306 2353 367 2417 sed
384 2372 519 2417 omnem
536 2372 558 2418 a
575 2354 725 2418 Domino
743 2355 821 2419 Deo
843 2372 917 2418 esse
935 2353 1105 2417 credimus

157 2459 386 2535 potestatem3
416 2453 508 2517 unde
534 2454 625 2519 sicut
642 2453 849 2520 venerabilis
869 2452 1015 2518 ecclesia
1032 2453 1106 2517 Ro-

156 2552 406 2635 tbomagensis,
421 2572 499 2634 quae
521 2554 612 2618 inter
634 2554 815 2618 universas
839 2560 1008 2618 terrarum
1025 2571 1106 2616 nos·

157 2658 289 2718 trarum
311 2652 460 2736 plurima
481 2653 681 2719 celebritate
705 2652 919 2736 dignoscitur
944 2653 1104 2728 eminere,

158 2745 254 2835 [pro²
281 2772 395 2815 rerum
427 2754 634 2817 necessitate
665 2753 722 2819 vel
753 2759 945 2835 temporum
977 2751 1105 2815 nostris

157 2851 252 2916 ducit
273 2852 482 2916 utilitatibus
504 2860 700 2936 opportuna
723 2851 903 2934 diligentia
922 2851 1106 2915 consulen-

157 2950 238 3016 dum
248 2951 275 3033 3]
306 2951 356 3015 sic
379 2970 442 3016 nos
462 2952 615 3036 ejusdem
637 2952 758 3017 matris
775 2957 903 3016 nostrae
918 2949 1106 3014 commodis

157 3056 193 3114 et
203 3051 404 3134 augmentis
414 3051 521 3135 digna
535 3053 814 3135 compensatione
826 3050 930 3132 digne
944 3050 1107 3113 duximus

157 3150 375 3234 respondere.
426 3151 518 3217 Sane
540 3152 624 3216 villa
643 3151 686 3215 de
703 3149 830 3214 Andeli
847 3157 883 3214 et
900 3148 1107 3232 quibusdam

160 3249 237 3314 aliis
253 3249 492 3335 adjacentibus
507 3251 606 3328 locis,
626 3270 704 3334 quac
729 3257 828 3314 erant
845 3249 1107 3328 Rothomagen·

158 3349 207 3413 sis
229 3350 395 3428 ecclesiae,
417 3352 531 3415 minus
550 3349 758 3414 sufficienter
780 3349 937 3426 firmatis,
959 3347 1107 3413 inimicis

158 3450 285 3514 nostris
298 3451 335 3514 in
352 3457 478 3515 terram
498 3458 653 3515 nostram
670 3450 894 3514 Nornranniae
910 3468 972 3531 per
988 3447 1108 3512 eadem

159 3547 237 3614 loca
252 3551 396 3633 patebat
421 3550 609 3633 ingressus,
632 3571 694 3632 per
709 3570 787 3632 quae
803 3548 971 3613 incendiis
994 3554 1029 3611 et
1050 3566 1108 3610 ra·

158 3648 249 3730 piuis
277 3669 411 3714 necnon
434 3658 470 3714 et
496 3650 573 3714 aliis
591 3650 792 3714 hostilitatis
809 3649 952 3713 saevitiis
971 3647 1008 3710 in
1025 3665 1107 3710 can·

159 3746 237 3812 dem
253 3754 380 3814 terram
398 3769 644 3833 nonnunquam
665 3750 825 3813 licentius
848 3748 1108 3829 grassabantur.

160 3844 525 3926 Quocircavenerabili
536 3851 629 3932 patri
640 3846 1109 3928 nostroWaltero‚archiepi-

195 4047 373 4113 michaeae]
393 4053 495 4117 Diceto,
504 4055 552 4103 col.
565 4059 622 4104 698.
684 4050 755 4102 ²Pro
768 4089 774 4103 .
788 4088 795 4103 .
808 4088 815 4104 .
827 4046 1025 4119 consulendam]
1049 4063 1112 4111 sup·

161 4120 284 4183 Compare
291 4122 452 4188 Newburgh,
462 4139 487 4174 v.
498 4122 511 4190 ξ
523 4128 565 4189 34,
572 4125 623 4174 and
649 4124 716 4186 plied
728 4123 791 4173 from
800 4123 900 4173 Diceto.

161 4191 264 4257 Rymcr,
274 4192 293 4242 i.
304 4208 331 4255 p.
343 4196 385 4244 96.
