2858 4876
401 419 540 467 neonus
568 419 837 470 rusrnnmnun.
1025 407 1091 472 163

141 575 295 640 eoolesiae
313 577 526 654 notissimus,
547 578 647 661 cujus
665 578 841 643 brachium
860 599 983 645 cancer
1004 583 1091 646 adeo
1104 595 1159 636 ΔΙ)
1171 597 1227 635 ⁰²⁰⁰

140 683 347 755 corroserat,
366 677 488 760 qnod
472 697 547 762 Jam
567 697 607 742 os
630 697 733 742 carne
756 680 923 745 nudatum
946 702 1091 765 appare·
1104 647 1209 785 libii&

142 779 213 853 bat,
238 775 330 842 idem
358 778 457 842 miles
489 777 666 842 brachium
697 798 798 842 suum
832 800 936 863 super
964 802 1090 866 corpus
1104 747 1198 836 inoffi

142 876 295 960 episcopi
318 879 434 960 posuit
455 887 491 941 et
514 877 637 942 faciem
659 879 736 963 ejus
764 882 879 961 gratia
900 885 1090 947 curationis

143 977 339 1060 frequenter
360 997 437 1041 cum
457 978 643 1063 lachrymis
661 980 789 1060 tetigit,
809 983 996 1064 statimque
1015 985 1046 1047 ei
1070 1004 1091 1047 a

144 1077 306 1156 Domino,
331 1078 463 1142 meritis
490 1079 601 1142 sancti
627 1079 694 1156 sui,
721 1081 883 1146 restituta
907 1089 961 1146 est
986 1084 1089 1148 mise·

143 1177 297 1241 rabiliter
312 1178 444 1242 brachii
466 1178 521 1243 sui
543 1185 615 1242 tam
635 1197 717 1242 caro
737 1199 841 1262 quam
864 1182 976 1260 cutis3
1000 1184 1090 1247 unde

144 1277 242 1342 miles
259 1277 337 1342 Deo
356 1286 392 1343 et
405 1286 527 1343 sancto
544 1279 685 1362 praesuli
704 1281 837 1360 gratias
855 1301 962 1363 agens
980 1303 1018 1347 se
1036 1303 1091 1348 sa

144 1396 225 1441 num
252 1378 384 1443 decano
414 1379 567 1445 ecclasiae
593 1378 738 1463 aliisque
768 1382 850 1444 viris
881 1381 948 1446 fide
977 1383 1091 1465 dignis

144 1478 273 1561 saepius
302 1480 539 1561 praesentavit.
592 1478 722 1543 Eadem
745 1479 831 1545 hora
852 1483 975 1546 mulier
997 1504 1091 1567 quae-

144 1579 237 1657 dam,
258 1598 337 1662 quae
368 1600 431 1664 per
457 1581 673 1663 septennium
703 1600 749 1644 ex
776 1601 845 1646 uno
875 1583 976 1647 oculo
1000 1605 1093 1650 caeca

144 1679 269 1757 fuerat,
284 1679 482 1745 videntibus
502 1680 634 1745 cunctis
655 1688 690 1744 et
705 1681 967 1761 admirantibus,
981 1686 1093 1749 visum

145 1780 285 1864 recepit.
349 1779 480 1845 Eadem
500 1780 586 1845 bora
602 1780 742 1863 quidam
764 1783 944 1847 bursarum
967 1785 1095 1850 incisor

147 1880 183 1944 in
211 1882 467 1964 compressione
496 1882 557 1945 illa
588 1888 624 1945 et
655 1883 804 1946 tumultu
836 1884 1008 1966 populari,
1034 1888 1094 1969 qui

146 1981 238 2046 eirca
269 1981 337 2045 Dei
360 1980 526 2045 famulum
550 1983 788 2059 concurrebat,
813 2003 1010 2048 crumenam
1036 2006 1095 2049 cu·

142 2080 284 2165 jusdam
313 2081 466 2146 mulieris
498 2081 646 2161 incidit,
680 2080 740 2145 sed
773 2102 849 2146 cum
882 2104 943 2166 per
972 2086 1096 2149 merita

147 2182 240 2246 beati
260 2182 444 2265 pontificis
464 2183 524 2265 qui
550 2201 588 2246 se
611 2202 680 2246 non
704 2190 877 2246 mortuum
900 2184 960 2248 sed
978 2186 1095 2249 vivum

148 2282 311 2360 ostendit,
334 2283 445 2346 ambae
464 2302 587 2346 manus
611 2283 686 2367 ejus
705 2277 965 2348 ¹cobiberentur
990 2294 1025 2350 et
1045 2287 1097 2350 di-

148 2383 213 2465 giti
235 2381 324 2446 iuris
353 2382 492 2447 nefandi
514 2383 603 2447 volis
633 2402 796 2446 manuum
827 2384 919 2448 illius
954 2385 1097 2450 firmiter

148 2482 478 2566 constringerentur,
510 2483 656 2566 projecit
688 2483 851 2547 furtivam
880 2504 965 2561 rem,
994 2506 1097 2568 quarn

148 2583 296 2649 retinere
319 2603 390 2648 non
410 2584 537 2666 potuit,
560 2584 596 2646 in
616 2583 850 2664 pavimentum
873 2586 1040 2664 ecclesiae,
1064 2594 1099 2650 et

149 2683 295 2748 bominis
334 2683 456 2748 furiosi
495 2683 752 2747 similitudinem
788 2703 969 2749 assumens
1004 2687 1097 2750 omni

148 2783 278 2867 populo
299 2784 413 2848 factus
437 2791 490 2848 est
515 2785 550 2847 in
576 2783 752 2863 derisum3
776 2785 893 2867 sicque
915 2793 1100 2868 postquam

149 2903 172 2947 a
192 2884 318 2968 spiritu
341 2883 492 2965 maligno
512 2883 642 2948 diutius
665 2885 876 2965 agitabatur,
893 2885 1033 2949 tandem
1056 2887 1100 2950 ad

150 3003 189 3048 se
212 3002 374 3049 reversus
397 2984 496 3048 stetit
517 2984 702 3048 immobilis
722 2994 757 3048 et
779 2985 907 3049 acriter
929 2984 1011 3049 flere
1030 3006 1101 3050 coe-

150 3084 214 3168 pit,
236 3085 437 3168 cunctisque
454 3085 683 3162 audientibus,
702 3085 937 3166 turpissimam
954 3087 1008 3149 sui
1026 3106 1100 3151 sce·

150 3184 232 3248 leris
245 3184 410 3249 offensam
426 3186 546 3249 audire
559 3185 755 3249 volentibus
773 3185 973 3249 denudavit.
1007 3186 1101 3251 Tan·

150 3285 241 3364 dem,
257 3304 335 3350 curn
358 3285 452 3350 alind
470 3305 539 3350 non
558 3285 700 3349 baberet
716 3284 899 3366 refugium,
915 3305 1102 3349 conversus

152 3385 195 3449 ad
223 3385 354 3449 clerum
383 3384 485 3464 dixit,
511 3385 750 3449 ‘Miseremini
781 3385 859 3462 mei,
894 3386 1102 3450 miseremini

153 3485 276 3549 saltem
310 3503 374 3550 vos
409 3486 510 3550 amici
544 3485 639 3565 Dei3
683 3486 888 3550 abrenuntio
920 3487 1009 3549 enim
1040 3485 1102 3548 Sa·

152 3585 270 3650 thane
290 3593 326 3650 et
345 3586 505 3668 operibus
529 3585 618 3669 ejus,
641 3585 766 3668 quibus
789 3584 966 3669 bucusque
990 3586 1103 3648 deser-

154 3687 246 3766 vivi3
269 3693 305 3750 et
324 3693 421 3750 orate
441 3706 504 3769 pro
524 3705 578 3748 me
599 3684 643 3748 ad
668 3685 867 3762 Dominum,
892 3706 934 3749 ne
955 3705 1010 3748 me
1031 3706 1106 3768 poe-

154 3787 321 3851 nitentem
346 3785 547 3862 confundat,
578 3784 639 3849 sed
670 3805 803 3848 mecum
828 3786 945 3867 potius
973 3786 1106 3850 miseri-

153 3886 304 3950 corditer
328 3883 434 3968 agnt?
487 3886 534 3950 Et
561 3887 735 3962 continuo,
762 3884 855 3949 faeta
876 3887 1034 3950 oratione
1061 3886 1105 3949 ad

192 4060 412 4124 ¹Cclliberentur.]
430 4061 490 4110 And
501 4061 533 4110 he
550 4063 621 4111 burst
647 4061 770 4111 Hoveden
787 4063 833 4111 has
853 4063 927 4125 given
946 4064 973 4110 in
992 4063 1108 4111 nineteen

157 4132 224 4183 forth
252 4135 305 4182 into
327 4147 343 4181 a
366 4131 516 4195 confession,
537 4131 625 4194 wbieh,
646 4132 743 4194 elegiae
755 4147 848 4195 verses,
861 4148 887 4194 p.
899 4137 956 4183 sm.
