2858 4876
314 378 379 441 308
561 388 696 436 uocum
722 388 768 434 nn
792 386 999 435 wnuuovnn

154 564 208 604 ov·
221 564 277 604 ¹²¹⁵·
315 570 391 625 nos,
409 568 471 613 nec
493 546 612 611 ballivi
628 545 749 621 nostri,
769 563 832 608 uec
849 542 908 606 alii
927 542 1101 624 capiemus
1121 545 1265 607 boscum

153 614 236 703 iffi
316 649 465 712 alienum
488 646 533 710 ad
559 652 675 708 castra
700 643 755 708 νε]
781 641 917 724 agenda
945 648 1076 718 nostra,
1106 641 1173 705 nisi
1203 663 1267 724 per

316 747 529 811 voluntatem
554 744 647 807 illius
670 743 769 825 cujus
792 743 917 806 boscus
939 741 998 804 ille
1019 740 1133 804 fuerit.
1188 741 1265 805 Nos

316 852 432 909 autem
470 864 539 907 non
569 842 762 905 tenebimus
791 846 901 903 terras
931 859 1060 916 eornm,
1089 841 1148 922 qui
1182 860 1266 904 con·

316 943 400 1008 victi
416 942 543 1005 fuerint
559 941 602 1004 de
623 939 764 1014 felonia,
785 940 852 1001 nisi
872 958 933 1020 per
955 958 1061 1001 unum
1082 957 1212 1002 annum
1231 947 1266 1004 et

317 1061 423 1105 unum
452 1042 554 1116 diem,
591 1045 627 1101 et
657 1047 740 1101 tunc
772 1035 959 1099 reddantur
984 1043 1085 1100 terrae
1117 1037 1266 1102 dominis

317 1141 506 1205 feodorum.
561 1135 691 1200 Omnes
722 1133 841 1197 kidelli
868 1135 1064 1198 decaetero
1091 1136 1267 1217 deponan-

318 1246 375 1302 tur
406 1238 544 1320 penitus
574 1255 636 1317 per
666 1233 855 1297 Tamisiam
883 1240 918 1296 et
943 1253 1005 1315 per
1036 1233 1264 1299 Medeweiam

319 1344 353 1400 et
375 1356 437 1418 per
462 1341 571 1400 totam
596 1332 773 1412 Angliam,
805 1331 871 1393 nisi
901 1351 963 1413 per
988 1341 1119 1396 costam
1150 1335 1265 1396 maris.

319 1435 444 1511 Breve,
469 1432 561 1515 quod
586 1436 731 1495 vocatur
753 1435 763 1464 ‘
782 1428 961 1512 Praecipe,’
983 1430 1174 1494 decaetero
1198 1451 1266 1494 non

319 1533 381 1595 fiat
398 1532 502 1595 alicui
522 1532 563 1593 de
586 1530 704 1611 aliquo
722 1535 928 1604 tenemento,
946 1527 1037 1590 unde
1058 1529 1146 1592 liber
1162 1528 1265 1593 homo

319 1630 443 1712 perdat
474 1629 604 1692 curiam
641 1645 750 1689 suam.
819 1626 901 1690 Una
936 1645 1097 1690 mensura
1125 1628 1198 1692 vini
1233 1636 1268 1692 et

320 1729 475 1792 cervisiae
497 1728 544 1791 sit
564 1745 626 1809 per
647 1733 758 1789 totum
784 1744 928 1806 regnum
951 1733 1118 1802 nostrum,
1142 1735 1177 1790 et
1199 1747 1268 1791 una

320 1847 481 1892 mensura
504 1826 610 1902 bladi,
636 1823 768 1888 scilicet
790 1824 1001 1905 quarterium
1028 1824 1267 1906 Londinense;

321 1932 356 1989 et
374 1946 444 1989 una
466 1924 614 1988 latitudo
636 1943 829 2005 pannorum
850 1924 1035 1988 tinctorum
1058 1930 1093 1987 et
1114 1933 1268 1990 russeto-

320 2043 397 2086 rum
426 2030 461 2089 et
482 2023 784 2104 haubergetorum,
808 2023 938 2086 scilicet
960 2023 1037 2085 duae
1060 2022 1153 2087 ulnae
1177 2025 1269 2089 infra

320 2122 442 2203 listas3
474 2122 517 2186 de
542 2121 751 2204 ponderibus
774 2140 856 2186 vero
882 2122 927 2184 sit
953 2128 993 2185 ut
1014 2120 1057 2184 de
1086 2125 1268 2188 mensuris

322 2220 421 2284 Nihil
452 2221 553 2284 detur
583 2221 626 2283 de
657 2226 783 2284 caetero
813 2239 876 2302 pro
908 2219 1005 2283 brevi
1036 2221 1269 2303 inquisitionis

322 2321 366 2384 ab
386 2339 437 2396 eo,
461 2319 521 2402 qui
542 2318 799 2400 inquisitionem
826 2318 914 2400 petit
935 2319 977 2382 de
996 2319 1068 2384 vita
1084 2321 1140 2384 vel
1162 2342 1269 2384 mem-

321 2418 405 2494 brie,
431 2418 492 2483 sed
516 2418 626 2498 gratis
646 2417 856 2481 concedatur
880 2425 915 2481 et
932 2438 1002 2483 non
1021 2426 1176 2500 negetur.
1233 2421 1270 2484 Si

322 2516 448 2599 aliquis
465 2523 583 2581 teneat
600 2515 643 2578 de
664 2516 764 2580 nobis
786 2535 848 2597 per
867 2516 959 2579 feodi
980 2517 1113 2581 firmam
1132 2519 1188 2583 νε]
1214 2539 1269 2582 so-

321 2617 458 2696 cagium
477 2614 532 2680 νε]
554 2615 833 2695 burgagium‚et
854 2615 897 2677 de
920 2615 990 2679 alio
1007 2614 1269 2688 teneatterram

321 2731 383 2793 per
401 2713 579 2776 servitium
601 2713 732 2789 militis,
755 2731 819 2776 nos
840 2731 910 2776 non
929 2713 1131 2778 habebimus
1153 2722 1269 2780 custo-

195 2880 203 2890 ,
321 2811 415 2874 diam
438 2810 585 2873 haeredis
608 2812 663 2874 vel
686 2818 787 2876 terrae
813 2830 899 2888 suae,
928 2832 1007 2894 quae
1030 2822 1083 2876 est
1101 2814 1145 2876 de
1167 2813 1269 2878 feodo

322 2909 477 2985 alterius,
505 2908 686 2973 occasione
714 2910 807 2973 illius
836 2910 927 2974 feodi
953 2912 1060 2974 firmae
1087 2913 1142 2975 νε]
1169 2931 1268 2977 soca-

322 3007 371 3088 gii
388 3008 442 3072 νε]
463 3008 635 3090 burgagfi,
656 3027 719 3071 nec
741 3007 943 3092 habebimus
963 3009 1156 3075 custodiam
1174 3012 1269 3075 illius

321 3105 412 3169 feodi
441 3107 548 3168 firmae
571 3105 626 3169 vel
656 3106 787 3187 socagii
811 3107 867 3171 νε]
897 3107 1069 3190 burgagii,
1095 3110 1161 3173 nisi
1191 3111 1270 3192 ipsa

321 3203 413 3267 feodi
431 3204 530 3268 firma
545 3204 669 3268 debeat
686 3206 864 3270 servitium
888 3206 1047 3271 militare.
1100 3207 1177 3272 Nos
1199 3229 1267 3273 non

320 3303 484 3366 debemus
511 3303 637 3367 habere
668 3304 891 3386 [custodiam]
919 3305 1064 3370 haeredis
1089 3307 1143 3371 νε]
1167 3314 1270 3372 terrae

321 3401 479 3486 alicujus,
501 3421 605 3484 quam
625 3409 720 3465 tenet
738 3403 780 3465 de
806 3402 875 3466 alio
897 3423 959 3485 per
981 3404 1158 3470 servitium
1181 3398 1271 3470 mili-

321 3506 408 3576 tare,
422 3503 602 3564 occasione
617 3499 764 3584 alicujus
781 3520 900 3583 parvae
917 3505 1152 3583 sergenteriae
1163 3524 1269 3586 quam

320 3603 416 3662 tenet
437 3597 480 3662 de
505 3599 603 3663 nobis
626 3619 689 3681 per
714 3601 892 3664 servitium
919 3600 1081 3665 reddendi
1109 3603 1269 3668 cultellos

321 3697 377 3760 vel
399 3697 546 3779 sagittas
570 3698 623 3761 vel
646 3697 853 3781 hujusmodi.
907 3699 1036 3763 Nullus
1058 3701 1208 3766 ballivus
1228 3705 1270 3767 de

321 3802 447 3859 caetero
464 3803 572 3877 ponat
587 3797 737 3877 aliquem
758 3797 800 3860 ad
822 3797 933 3879 legem
956 3818 1019 3862 nec
1038 3799 1080 3862 ad
1095 3799 1271 3883 juramen-

321 3900 395 3957 tum
419 3895 566 3976 simplici
588 3895 725 3976 loquela
748 3915 823 3971 sua,
847 3897 921 3959 sine
942 3898 1090 3962 testibus
1112 3899 1271 3965 fidelibus

321 3992 364 4056 ad
394 3993 459 4056 hoc
485 3992 647 4056 inductis
717 3995 846 4058 Nullus
868 3995 955 4059 liber
982 3995 1084 4061 homo
1113 3999 1272 4081 capiatur

320 4092 376 4154 vel
395 4091 650 4174 imprisonetur,
675 4099 736 4155 aut
753 4093 967 4157 disseisietur
988 4095 1031 4158 de
1049 4096 1167 4178 aliquo
1185 4099 1270 4162 lihe-

320 4208 359 4252 ro
377 4197 571 4254 tenemento
592 4211 655 4254 suo
672 4192 728 4255 vel
744 4192 960 4258 libertatibus
978 4194 1034 4258 vel
1053 4195 1170 4260 liberis
1187 4217 1270 4262 con·
