2858 4876
438 395 577 442 enonas
602 395 871 447 ursroarnnuu.
1081 389 1126 452 47

175 553 419 638 solymitanum
437 555 538 619 uxori
560 572 647 632 suae,
661 557 701 621 'ut
712 556 787 641 jam
806 556 937 622 dictum
961 567 1027 637 est,
1044 560 1125 644 jure
1137 583 1192 624 un.
1204 587 1259 627 rur.
1272 592 1281 621 ·.

175 652 392 720 haereditario
410 655 613 721 debebatur.

175 833 328 906 Quomodo
344 856 397 896 ree
414 831 594 897 Richardue
609 854 707 895 omme
723 842 812 896 terre
830 843 941 898 eaootae
960 808 1110 920 reliquias

586 932 722 996 redemit.
826 960 829 966 ·

224 1056 397 1136 Gnidone,
414 1075 496 1139 rege
520 1055 855 1140 Hierosolynrarum,
872 1056 908 1120 in
929 1058 1021 1124 bello
1044 1078 1122 1126 cum
1136 1083 1228 1125 arenae

173 1149 274 1221 eruce
294 1154 481 1223 Dominica
496 1157 579 1222 olim
596 1165 818 1240 capto,.mox
836 1158 1043 1225 Salaadinus
1065 1180 1122 1225 ur*
1133 1136 1275 1237 {imm

173 1259 250 1322 bem
269 1256 489 1323 Hierusalem
505 1257 684 1323 obsidione
699 1258 857 1323 vallavit.
904 1257 1008 1325 Cives
1025 1268 1121 1339 vero,
1132 1238 1233 1328 ibid?

170 1358 285 1440 quiin
302 1378 345 1424 aa
361 1365 610 1434 remanserant,
627 1379 672 1434 ex
692 1359 881 1424 infortunio
898 1362 1015 1426 animo
1037 1381 1119 1426 con,

171 1459 330 1537 sternati,
353 1476 459 1543 seque
481 1459 668 1524 Salaadino
694 1479 796 1543 posse
820 1461 980 1525 resistere
1001 1461 1121 1544 despe-

173 1567 303 1638 ranteS,
327 1562 445 1625 urbem
475 1561 507 1624 ei
531 1561 688 1643 protinus
714 1559 953 1640 tradidernut3
985 1570 1023 1628 at
1046 1562 1120 1647 ipse

172 1661 341 1725 neminem
365 1681 410 1726 ex
435 1662 522 1725 urbe
545 1660 663 1743 egredi
681 1661 849 1743 permisit,
875 1662 941 1725 nisi
963 1682 1001 1727 se
1024 1664 1120 1745 prius

170 1762 315 1844 quilibet
346 1761 462 1826 decem
493 1762 650 1826 bisantiis
679 1761 890 1826 redemisset.
915 1769 918 1773 ’
943 1763 1120 1831 Divitibus

171 1870 288 1927 autem
318 1883 355 1928 se
384 1863 548 1927 continuo
577 1862 833 1939 redimentibus,
867 1864 1011 1929 inventa
1037 1875 1120 1931 sunt

170 1971 303 2047 septem
333 1964 442 2029 millia
473 1963 648 2027 hominum
674 1963 712 2026 in
740 1964 836 2041 urbe,
867 1964 928 2047 qui
960 1965 1051 2030 unde
1080 1986 1118 2030 se

171 2064 377 2129 redimerent
410 2084 479 2129 non
512 2062 706 2141 habebant3
746 2071 892 2146 quorum
926 2065 1117 2150 calamitati

173 2165 290 2228 caeteri
309 2164 558 2247 compatientes
578 2163 738 2227 unanimi,
749 2163 894 2228 oonsilio
911 2176 1118 2248 acceperuut

170 2282 294 2333 cruces,
317 2282 441 2334 aureas
468 2270 504 2328 et
527 2272 722 2345 argenteas,
744 2262 869 2345 calices
892 2264 1114 2353 etphilcacte·

170 2364 234 2441 ria,
266 2372 301 2428 et
323 2364 546 2429 Dominicum‘
572 2357 858 2429 decrustavernnt
885 2364 1117 2448 sepulchrum,

170 2483 211 2528 ao
236 2473 365 2529 caetera
389 2483 466 2549 quae
494 2465 530 2528 in
560 2464 713 2529 ecelesiis
737 2472 945 2530 ornamenta
967 2467 1117 2549 reperie·

167 2566 306 2644 bantur,
343 2573 380 2630 et
410 2583 581 2649 pauperes
607 2565 836 2641 redemerunt.
892 2564 1117 2649 eollegerunt
1161 2555 1171 2625 s
1191 2621 1216 2631 „

166 2667 271 2731 etiam
296 2685 415 2733 omnes
443 2664 607 2748 reliquias
633 2672 841 2742 sanctorum,
865 2666 1008 2750 quasin
1030 2667 1116 2733 locis

167 2768 398 2832 sacrosanctis
420 2772 582 2849 poterant
603 2767 770 2844 invenire,
786 2775 822 2832 et
842 2769 1034 2849 posuerunt
1055 2789 1115 2834 aas

166 2867 202 2930 in
225 2876 375 2951 quatuor
398 2867 541 2949 magnis*
555 2868 713 2932 eburneis
733 2867 914 2951 capsellis3
939 2889 1027 2952 quas
1049 2869 1114 2935 Sa,

167 2967 326 3033 laadinns
342 2969 438 3037 inter
454 2963 593 3044 caetera,
616 2987 694 3050 quae
719 2968 862 3032 civitate
887 2969 1033 3034 subacta
1058 2972 1115 3036 oca

167 3059 368 3152 cupauerat,
392 3069 544 3146 intuens,
561 3075 611 3146 et,
631 3067 712 3152 quid
738 3068 775 3131 in
797 3069 848 3131 eis
870 3069 1115 3151 contineretur,

154 3161 349 3251 ¹diligenter
370 3169 570 3253 inquirens,
577 3169 685 3253 jussit
701 3166 825 3232 deferri
846 3168 939 3252 apud
959 3170 1114 3236 Baldaeb

165 3278 201 3334 et
233 3269 368 3335 tradere
393 3267 576 3350 Chalipbe,
609 3288 653 3333 ne
681 3267 869 3333 Christiani
906 3269 950 3336 de
978 3272 1114 3336 ossibus

165 3376 378 3434 mortuorum
395 3369 627 3451 glmiarentur
642 3369 798 3447 ulterius,
809 3377 845 3434 et
858 3370 1039 3435 crederent
1054 3392 1114 3437 eos

163 3469 294 3534 babere
308 3463 552 3535 intercessores
569 3469 606 3533 in
621 3468 730 3547 ‘caelis
745 3473 900 3552 quornm
911 3490 993 3536 ossa
1009 3476 1113 3538 vene,

164 3565 333 3636 'rabantur
348 3572 385 3634 in
402 3571 514 3634 terris.
534 3618 535 3623 η
556 3569 730 3653 vPrinceps
744 3569 1113 3654 autem-Antiochenus

163 3679 199 3737 et
221 3671 420 3756 patriarcba
447 3665 632 3755 caeterique
665 3670 795 3749 fideles,
819 3673 930 3757 ..tanto
949 3672 1115 3753 thesauro,

163 3773 258 3838 nullo
275 3773 377 3838 modo
393 3770 590 3837 defraudari
605 3771 771 3849 volentes,
793 3773 1025 3855 promiserunt
1043 3777 1112 3839 sub

157 3856 369 3958 juramento,
381 3894 419 3938 se
431 3873 570 3938 easdem
581 3871 745 3957 reliquias
759 3872 998 3957 redempturos
1013 3874 1111 3958 quina

163 3974 331 4057 quaginta
347 3974 481 4038 duobus
502 3973 653 4038 millibus
673 3972 912 4053 bisantiorum,
935 3982 982 4052 et,
1007 3976 1036 4039 si
1050 3997 1109 4059 pe·

163 4075 299 4138 cuniam
325 4073 507 4157 praelatam
530 4081 685 4159 tempore
704 4075 894 4139 constituto
914 4076 1112 4159 persolvere

164 4176 358 4259 nequirent,
373 4167 556 4238 eas'demei
575 4174 738 4261 reliquias
755 4164 994 4258 resignarent}
1021 4176 1112 4265 unde
