2858 4876
154 578 211 619 AJ).
222 577 278 616 121³,

153 628 246 668 Crusade

153 679 236 726 against
243 677 279 716 the

155 728 286 777 Alblgcnres.

316 386 384 451 272
572 401 706 448 nocnnr
732 401 779 446 nn
802 400 1008 449 wuuoovuu
1059 472 1062 479 Ι

316 565 377 628 ilio
409 564 522 627 fuerat
554 562 742 646 adquisita,
772 563 953 628 associatis
986 562 1051 627 sibi
1086 562 1272 627 comitibus

317 656 648 741 Tholosano,¹Fuxi
659 671 693 727 et
704 662 935 740 Covenarum,
945 683 1022 727 cum
1032 663 1167 727 civibus
1178 663 1273 727 Tho·

316 763 446 829 insanis
464 772 498 828 et
517 764 671 827 exercitu
686 782 813 844 magno
832 764 945 841 nimis,
964 763 1050 827 feria
1066 764 1170 827 tertia
1189 756 1272 844 post

318 864 537 928 nativitatem
547 865 658 927 beatae
670 863 793 926 Mariae
805 862 945 926 Murelli
957 870 1107 928 castrum
1121 863 1271 928 obsedit.

318 964 399 1043 Quo
415 963 546 1040 audite,
569 970 686 1047 patres
704 962 929 1039 venerabiles,
947 962 1179 1039 Tholosanus,
1198 961 1273 1026 Ne·

318 1065 523 1140 mausensis,
539 1061 764 1144 Agatbensis,
778 1051 984 1139 Biturensis,
994 1061 1274 1145 Uticensisbo

317 1163 479 1226 dovensis
502 1173 537 1227 et
558 1162 777 1227 Covenarum
802 1161 967 1245 episcopi,
987 1170 1023 1227 et
1045 1161 1088 1226 de
1109 1162 1272 1239 Claraco,

317 1263 360 1326 de
384 1262 620 1345 Magna-villa
648 1269 684 1326 et
707 1262 820 1325 sancti
843 1260 973 1325 Tiberii
1003 1262 1158 1339 abbates,
1182 1281 1274 1345 quos

318 1363 597 1445 archiepiscopus
625 1360 864 1426 Narbonensis
893 1369 929 1425 ot
951 1361 1151 1444 apostolicae
1178 1362 1273 1426 sedis

317 1463 455 1544 legatus
478 1470 619 1546 propter
640 1468 770 1526 sanctae
796 1462 908 1525 crucis
936 1462 1113 1543 negotium
1139 1461 1273 1526 fecerat

317 1563 535 1645 congregari,
567 1581 636 1624 una
669 1581 747 1625 cum
777 1560 917 1624 Simone
950 1561 1202 1626 Montis-fortis
1236 1568 1272 1625 et

318 1664 473 1728 exercitu
494 1682 595 1726 cruce
622 1661 837 1742 signatorum
859 1660 927 1724 iter
949 1661 1119 1743 arripiunt
1141 1661 1186 1725 ad
1209 1663 1272 1725 ob-

302 1764 451 1826 ¹sessum
475 1770 627 1826 castrum
651 1761 796 1825 viriliter
820 1761 1109 1840 succurrendum
1141 1768 1273 1825 etcum

319 1862 374 1925 die
402 1862 541 1925 Martis
560 1860 650 1925 insra
679 1864 825 1926 octavas
854 1861 1072 1943 supradictas
1095 1861 1273 1925 venisseut

319 1961 363 2025 ad
385 1970 549 2037 castrum,
573 1960 665 2043 quod
688 1960 813 2024 dicitur
830 1960 1086 2037 Savardunum,
1102 1960 1273 2026 miserunt

318 2062 459 2126 nuntios
479 2061 632 2145 episcopi
653 2061 832 2124 memorati
854 2060 899 2124 ad
921 2048 1134 2144 capitaneos,
1156 2061 1216 2143 qui
1236 2060 1271 2123 in

319 2162 497 2225 obsidione
523 2160 628 2224 castri
653 2160 794 2223 Murelli
823 2167 933 2238 erant,
963 2160 1129 2237 dicentes,
1154 2179 1192 2224 se
1226 2160 1271 2224 ad

319 2260 383 2324 hoc
406 2261 534 2337 venire,
560 2267 600 2323 ut
621 2279 699 2323 cum
723 2260 773 2323 eis
797 2260 840 2325 de
861 2279 947 2345 pace
967 2267 1170 2337 tractarent,
1190 2259 1273 2324 sibi·

319 2379 388 2442 que
404 2360 478 2424 dari
495 2359 658 2424 ducatum
671 2379 829 2424 securum
848 2361 1023 2442 petebant.
1062 2359 1106 2423 In
1120 2361 1274 2425 crastino

319 2470 447 2538 autem,
476 2461 558 2542 quia
589 2479 644 2523 rcs
675 2460 725 2523 sic
755 2460 929 2542 exigebat,
961 2460 1135 2524 exercitus
1169 2480 1273 2524 cruce

319 2561 535 2642 signatorum
562 2579 584 2624 a
609 2559 813 2623 Savarduno
841 2559 1004 2624 recedens
1027 2559 1205 2625 festinavit
1228 2560 1274 2624 ad

321 2660 461 2725 Murelli
492 2679 692 2723 succursum
718 2659 875 2724 celeriter
901 2659 1087 2740 advenire3
1120 2661 1274 2744 episcopi

319 2781 402 2825 vcro
431 2759 587 2844 praedicti
614 2759 741 2823 morari
763 2767 1018 2842 proposuerant
1043 2759 1136 2843 apud
1163 2760 1274 2842 quod·

320 2862 398 2925 dam
422 2868 586 2937 castrum,
606 2857 785 2941 Alta-ripa
810 2865 982 2936 iocatum,
1007 2858 1098 2941 quod
1122 2858 1274 2923 medium

318 2961 409 3024 iuter
424 2960 665 3024 Savardunum
684 2966 720 3023 et
736 2959 922 3023 Murellum
940 2959 1047 3023 distat
1062 2960 1106 3023 ab
1123 2966 1273 3043 utroque

320 3060 454 3146 duabus
472 3059 592 3135 leucis,
608 3069 647 3123 ut
658 3059 705 3122 ibi
722 3058 846 3122 missos
860 3059 1000 3124 nuutios
1016 3065 1274 3141 exspectarent,

320 3159 381 3242 qui
405 3159 530 3223 ibidem
558 3158 602 3222 ad
632 3158 813 3242 episcopos
840 3160 1022 3223 redeuntes
1046 3159 1211 3223 dixerunt
1228 3179 1274 3224 ex

321 3267 420 3342 parte
435 3260 526 3341 regis
543 3257 777 3340 Arragonum,
795 3259 885 3341 quod
905 3259 1069 3323 ducatum
1089 3279 1157 3322 nou
1181 3279 1274 3342 pree-

320 3360 417 3423 beret
443 3359 505 3437 eis,
531 3360 614 3441 quia
645 3378 723 3422 cum
753 3365 853 3422 tanto
879 3359 1034 3422 exercitu
1059 3358 1275 3424 advenerant

321 3460 413 3542 quod
437 3479 505 3522 non
523 3457 726 3540 indigebant
738 3458 921 3523 conductu.
967 3457 1098 3522 Verum
1119 3458 1195 3522 baec
1210 3478 1274 3522 au-

322 3560 455 3623 dientes
485 3557 638 3641 episcopi
670 3557 859 3622 Murellum
883 3578 961 3622 cum
988 3558 1145 3623 exercitu
1172 3577 1275 3623 cruce

321 3659 537 3740 signatorum
562 3658 780 3722 intraverunt
801 3657 857 3723 die
875 3658 1040 3723 Mercurii
1067 3658 1162 3722 intra
1179 3666 1279 3724 octa-⁴

321 3778 384 3824 vas
408 3764 629 3835 memorataS,
652 3764 687 3821 et
707 3756 937 3822 sollicitudine
967 3778 1037 3821 non
1063 3759 1155 3840 pigri
1186 3759 1275 3822 duos

321 3859 415 3924 viros
429 3857 610 3940 religiosos
623 3856 668 3920 ad
679 3877 794 3940 regem
811 3866 847 3922 et
860 3858 953 3925 cives
967 3857 1185 3923 Tbolosanos
1199 3859 1277 3923 des-

322 3960 491 4035 tinarunt,
522 3959 582 4040 qui
607 3978 629 4022 a
652 3976 733 4040 rege
757 3977 835 4020 cum
858 3958 1028 4022 derisione
1051 3956 1121 4022 tale
1143 3958 1276 4023 habue-

358 4125 440 4176 ¹Fuxi
447 4131 471 4176 et
480 4120 651 4195 Graecorum]
668 4125 722 4175 The
734 4132 823 4176 couuts
831 4127 860 4177 of
868 4128 932 4178 Foix
944 4112 1168 4190 and‘commenges
1179 4143 1278 4192 appear

321 4198 380 4247 here
391 4204 417 4247 to
428 4199 459 4246 be
468 4197 597 4248 intended.
