2858 4876
324 383 389 449 162
580 396 715 445 noenm
739 395 785 442 nn
808 393 1015 442 wnnnovnn

163 573 219 614 en
231 574 286 613 ¹2⁰0
325 554 440 638 gratia
461 554 650 626 curationis
667 561 846 630 venerant,
869 551 1098 627 cernentibus
1114 549 1276 638 exierunt

161 624 313 714 mosem
326 675 371 719 ex
389 655 451 718 illa
467 654 535 719 duo
549 655 694 719 bufones
708 655 826 736 magni
841 637 876 717 et
891 650 1079 734 nigerrimi,
1091 650 1162 733 qui,
1179 656 1220 713 ut
1236 669 1275 712 se

163 722 291 774 mm
326 755 499 819 daemones
525 755 756 831 ostenderent,
781 753 899 818 statim
929 750 1165 815 transformati
1192 757 1275 813 sunt

325 854 361 918 in
387 873 489 918 canes
514 855 699 918 immensos
720 861 763 918 et
785 854 916 935 nigros,
937 858 973 915 et
995 856 1075 934 post
1096 845 1275 932 paululum

325 955 362 1018 in
385 953 529 1018 formam
548 953 705 1018 conversi
727 959 809 1016 sunt
831 950 1011 1015 asininam.
1064 948 1193 1012 Mulier
1214 967 1275 1012 au-

327 1061 397 1118 tem
418 1054 537 1118 stabat
556 1053 717 1130 attonita,
743 1046 795 1116 ¹et
816 1058 896 1134 post
918 1051 996 1115 illos
1018 1049 1169 1115 cucurrit
1191 1048 1276 1112 inri-

326 1153 443 1217 bunda
459 1153 578 1217 volens
598 1172 658 1217 eos
674 1151 951 1234 apprehendere;
975 1149 1035 1214 sed
1052 1149 1106 1212 vir
1122 1148 1276 1231 quidam,

328 1253 388 1335 qui
408 1252 452 1316 ad
467 1252 572 1316 fontis
589 1252 781 1316 custodiam
801 1251 915 1315 suerat
933 1250 1131 1332 deputatus,
1149 1267 1276 1330 aquam

327 1352 432 1416 sontis
458 1353 548 1416 inter
571 1353 747 1415 mulierem
773 1358 808 1415 et
830 1358 986 1415 monstra
1010 1368 1197 1431 aspergens
1223 1348 1276 1411 su-

328 1452 426 1534 gerit
456 1452 517 1516 illa
545 1452 581 1515 in
615 1471 727 1515 aerem
759 1470 909 1527 sursum,
939 1450 998 1514 ubi
1030 1455 1276 1515 evanescentes

328 1552 422 1616 foeda
436 1559 516 1635 post
530 1571 567 1616 se
584 1552 733 1634 vestigia
750 1550 974 1635 reIIquerunt.

387 1723 429 1788 Ur
437 1723 610 1809 pradictus
625 1724 719 1790 abbas
725 1727 845 1810 fontem
860 1725 961 1792 doleis
974 1747 1062 1811 oqoae
1076 1746 1221 1791 moero

736 1827 861 1912 feeerit.

168 1971 268 2012 neme.
382 1947 425 2011 In
454 1949 572 2013 villam
594 1948 637 2013 de
662 1950 850 2014 anesnel
875 1949 1095 2032 praedicando
1122 1950 1278 2033 perveni·

167 2022 266 2113 ‘isam
331 2067 391 2112 ens
411 2048 502 2112 idem
521 2050 574 2113 vir
594 2050 673 2125 Dei,
693 2050 752 2113 ubi
772 2056 847 2113 erat
866 2069 966 2133 aquae
984 2050 1095 2114 dulcis
1112 2051 1279 2125 desectus,

331 2147 373 2210 ad
401 2168 520 2231 preces
549 2148 668 2232 populi
691 2150 725 2212 in
751 2149 898 2213 ecclesia
923 2149 1078 2233 ejusdem
1101 2149 1193 2215 villae
1218 2151 1280 2213 ba-

331 2248 409 2313 culo
435 2267 499 2312 suo
525 2256 658 2331 petram
682 2249 864 2331 percussit,
894 2257 929 2314 et
955 2250 1133 2314 fluxerunt
1158 2249 1280 2312 latices

330 2347 365 2410 in
389 2347 612 2426 abnndantia,
640 2368 785 2430 quarum
807 2348 936 2412 haustu
969 2350 1069 2413 multi
1091 2369 1112 2413 a
1134 2348 1280 2413 diversis

331 2448 555 2529 languoribus
581 2451 802 2512 curabantur.
860 2449 993 2512 Deinde
1018 2469 1040 2513 a
1061 2449 1139 2513 loco
1161 2448 1205 2512 ad
1229 2450 1280 2512 lo·

332 2567 423 2624 cnm,
451 2566 473 2611 a
494 2547 672 2630 provincia
694 2549 730 2611 in
756 2548 982 2631 provinciam,
1004 2549 1047 2613 de
1075 2549 1217 2614 civitate
1243 2548 1280 2611 in

332 2647 510 2710 civitatem
532 2647 715 2726 transiens,
737 2649 865 2713 multos
891 2649 936 2711 ad
958 2668 1140 2713 usurarum
1164 2649 1280 2712 relax-

332 2747 484 2810 ationem
503 2746 653 2825 induxit,
671 2767 806 2812 crucem
827 2768 960 2812 sumere
982 2748 1200 2813 Dominicam
1218 2749 1281 2812 ad-

333 2847 477 2924 monuit,
500 2847 544 2910 ad
566 2847 707 2929 pietatis
729 2867 835 2930 opera
857 2848 1042 2912 multomm
1065 2849 1170 2913 corda
1193 2869 1282 2930 prae-

333 2945 479 3010 dicando
505 2947 734 3028 permutavit;
768 2947 939 3011 nundinas
964 2968 1046 3013 vero
1069 2955 1104 3012 et
1130 2954 1283 3012 mercata

334 3044 526 3109 Dominicee
544 3047 611 3110 diei
633 3046 719 3110 adeo
736 3046 927 3125 interdixit,
950 3049 1043 3130 quod
1066 3047 1282 3125 omniafere,

333 3164 411 3227 quee
433 3145 553 3209 diebus
572 3146 764 3210 Dominicis
784 3167 845 3230 per
859 3145 1025 3230 Angliam
1047 3148 1120 3212 fieri
1137 3167 1282 3213 consue·

334 3252 468 3323 verant,
491 3246 782 3310 constituerentur
806 3247 842 3309 in
872 3266 942 3310 una
970 3247 1195 3312 hebdomadae
1227 3267 1282 3311 se·

336 3346 514 3426 quentium
550 3346 739 3425 feriarum;
779 3347 897 3428 sicque
934 3347 1126 3412 Dominicis
1162 3347 1283 3411 diebus

335 3443 446 3508 fidelis
474 3445 622 3527 populus
645 3444 771 3509 divinis
795 3446 1009 3510 solummodo
1032 3467 1161 3511 vacans
1184 3448 1284 3511 obse-

335 3544 425 3625 quiis
452 3564 552 3607 omne
580 3564 668 3627 opus
697 3545 822 3609 servile
848 3546 986 3628 penitus
1009 3547 1196 3624 abdicavit,
1222 3567 1283 3611 ve·

335 3649 518 3706 runtamen
536 3651 688 3726 tempore
707 3644 913 3727 procedente
931 3645 1098 3728 plerique,
1117 3654 1158 3710 ut
1180 3665 1283 3710 cenes

336 3742 380 3804 ad
403 3743 583 3820 vomitum,
608 3748 691 3807 suut
716 3745 856 3809 reversi.
909 3745 1118 3809 Rectoribus
1145 3765 1283 3829 quoque

335 3840 557 3905 ecclesiarum
579 3850 615 3906 et
636 3844 846 3925 presbyteris
864 3863 943 3909 cum
964 3846 1103 3928 populis
1121 3847 1186 3910 sibi
1203 3847 1283 3909 sub·

330 3939 434 4022 jectis
451 3940 666 4006 admonendo
688 3941 826 4021 indixit,
843 3951 884 4007 ut
905 3945 941 4006 in
957 3944 1104 4009 ecclesia
1126 3953 1206 4009 ante
1224 3964 1284 4008 en·-

334 4039 531 4105 charistiam
556 4042 720 4105 continua
746 4042 809 4105 lux
836 4042 985 4122 arderet,
1010 4052 1182 4126 quatenus
1206 4045 1284 4123 Ille,

554 4190 563 4223 ¹
575 4193 611 4242 Et
619 4193 696 4257 post]
712 4194 721 4217 ⁶
734 4194 768 4242 nt
778 4195 929 4258 quandoque
940 4190 1013 4259 post,'
1027 4197 1058 4246 C.
