2858 4876
380 418 519 468 rnonus
541 419 810 468 nrsronrunun.
1007 405 1073 468 357

126 576 309 654 Herelord,
331 577 367 642 J.
391 577 434 641 de
457 578 604 661 Fereby,
621 578 667 642 R.
684 578 898 660 capellanum
923 578 1069 643 Roberti
1082 591 1232 683 Asssgtlgm

123 677 200 741 filii·
205 677 363 754 Walteri,
395 676 636 741 Alexandrum
669 678 711 740 de
744 677 1231 782 Suttuna,W.de011th0¹›=ron·

125 776 305 853 Colevilla,
324 777 369 841 R.
388 777 495 840 filium
513 777 600 861 ejus,
619 776 804 841 Osbertum
821 777 863 840 de
882 777 982 855 Bobi,
1001 777 1068 842 Os·
1081 742 1120 782 Μ
1117 743 1177 782 md

123 879 257 940 bertum
269 875 415 952 Giffard,
428 876 611 941 Nicolaum
627 877 670 940 de
686 876 883 953 stutevilla,
899 876 1069 943 Thomam

124 976 166 1039 de
185 977 379 1054 Muletune,
397 977 489 1040 cives
503 977 581 1040 illos
600 976 847 1053 Londincnses,
866 977 1069 1058 magistrum

124 1075 170 1140 G.
195 1077 499 1154 cancellarium,e
501 1076 713 1142 toivitatem
740 1076 992 1141 Loudincnsem
1015 1098 1069 1141 ec-

122 1175 316 1239 clesiastico
338 1177 552 1258 suppositam
577 1177 761 1241 interdicto
784 1177 920 1260 publice
936 1178 1068 1241 denun-

40 1314 48 1325 ·
124 1276 229 1341 tietis.
275 1275 354 1339 Has
367 1296 449 1340 vero
466 1277 831 1341 excommunicationis
846 1284 881 1340 et
896 1277 1069 1342 interdicti

124 1376 314 1439 sententias
331 1377 367 1439 in
385 1377 538 1440 ecclesiis
557 1377 681 1441 vestris
698 1384 767 1440 tam
784 1376 1068 1441 conventualibus

124 1466 229 1557 quam
251 1474 506 1558 parochialibus
529 1475 572 1540 ad
596 1496 659 1540 vos
684 1477 933 1558 pertinentibus
955 1478 1070 1559 publi-

124 1576 195 1638 cari
221 1595 261 1639 ac
283 1575 431 1656 singulis
453 1575 573 1639 diebus
596 1576 786 1640 Dominicis
807 1584 843 1640 et
864 1576 997 1642 festivis
1019 1577 1070 1642 fa-

124 1675 224 1739 ciatis
246 1676 444 1739 solemniter
464 1677 634 1754 innovari,
655 1676 706 1740 ita
727 1677 911 1759 diligenter
931 1678 1070 1759 singula

125 1775 278 1856 capitula
293 1776 447 1840 mandati
460 1776 642 1858 apostolici
657 1785 895 1859 exsequentes,
913 1783 949 1840 et
963 1797 1071 1860 quan-

126 1881 199 1937 tnm
222 1875 348 1940 advos
376 1876 526 1958 pertinet
545 1877 687 1940 firmiter
711 1879 946 1954 observantes,
969 1897 1012 1940 ne
1033 1878 1070 1940 in

125 1994 263 2056 poenam
288 1977 487 2040 canonicam
509 1983 545 2040 et
563 1978 822 2041 contumacibus
845 1977 996 2041 debitam
1018 1977 1070 2040 in·

125 2074 259 2139 cidatis
304 2074 453 2141 Valete.'
498 2075 567 2140 His
584 2078 691 2159 igitur
705 2077 1070 2141 excommunicationis

127 2181 162 2237 et
191 2175 365 2238 interdicti
398 2177 579 2240 sententiis
612 2196 672 2259 per
702 2184 813 2241 totam
838 2176 1003 2260 Angliam
1034 2177 1071 2239 in

126 2274 221 2338 brevi
239 2275 435 2357 publicatis
452 2296 529 2340 cum
546 2277 590 2341 ad
607 2278 758 2340 omnium
776 2277 935 2341 notitiam
951 2297 1073 2359 perve-

126 2375 269 2452 nissent,
286 2374 362 2440 sola
384 2376 507 2440 civitas
532 2376 787 2440 Loudoniarum
810 2396 872 2458 per
893 2384 1072 2441 contuma-

125 2474 214 2538 ciam
230 2474 453 2558 multiplicem
470 2477 549 2540 illas
564 2476 650 2540 adeo
667 2477 915 2541 contemnendo
927 2477 1074 2558 despex-

125 2575 165 2651 it,
187 2575 279 2656 qnod
301 2595 365 2638 nec
391 2595 450 2639 eas
469 2576 615 2640 barones
638 2576 823 2641 observare
848 2593 911 2640 nec
936 2578 1074 2659 praelati

126 2675 303 2756 publicare
328 2675 574 2756 decreveruut;
605 2675 765 2740 dicebaut
787 2677 878 2740 euim
903 2677 1075 2758 generali-

127 2781 192 2851 ter,
210 2794 328 2838 omnes
351 2775 470 2839 literas
491 2776 580 2840 salsa
597 2777 820 2859 suggestione
839 2776 946 2840 fuisse
967 2777 1073 2858 impe-

127 2881 238 2938 tratas
255 2869 298 2939 ‘'et
318 2874 396 2939 ideo
422 2876 549 2939 nullius
578 2896 637 2940 eas
667 2895 743 2940 esse
772 2878 948 2954 momenti,
971 2883 1073 2940 etex

126 2973 191 3038 hoc
213 2976 377 3054 maxime,
399 2975 492 3058 quod
510 2997 579 3040 non
600 2977 749 3060 pertinet
771 2976 814 3039 ad
836 2995 962 3059 papam
985 2976 1075 3040 ordi-

127 3074 222 3138 natio
251 3094 365 3138 rerum
392 3076 570 3154 laicarum,
602 3097 680 3141 oum
713 3075 819 3139 Petro
852 3077 1010 3158 apostolo
1038 3085 1074 3139 et

127 3173 203 3257 ejus
221 3177 477 3240 successoribus
500 3197 569 3240 non
588 3176 653 3239 uisi
674 3176 982 3240 ecclesiasticarum
1004 3174 1074 3238 dis-

127 3275 254 3356 positio
284 3295 398 3338 rerum
426 3294 448 3338 a
473 3275 624 3338 Domino
651 3276 697 3338 sit
723 3276 852 3340 collata
879 3268 1074 3357 ¹potestas;

126 3374 252 3456 itaque,
272 3374 316 3437 ad
333 3374 506 3438 interdicti
523 3375 596 3438 sive
615 3375 980 3439 excommunicationis
998 3393 1078 3438 sen-

126 3475 272 3538 tentiam
294 3475 426 3537 nullum
443 3474 582 3556 penitus
599 3473 765 3538 habentes
787 3482 993 3557 respectum,
1014 3493 1078 3557 per

128 3579 235 3637 totam
267 3573 443 3637 civitatem
473 3574 692 3638 celebrarunt
714 3573 843 3652 divina,
872 3574 972 3656 signa
998 3575 1076 3657 pul-

128 3680 244 3736 santes
267 3681 302 3736 et
321 3673 461 3736 vocibus
482 3673 638 3737 altisonis
660 3673 888 3739 modulantes.

163 3849 320 3914 ¹Potestos.]
343 3852 418 3901 Paris
436 3851 528 3900 breaks
545 3855 590 3900 out
614 3855 658 3900 not
676 3853 768 3913 Peter3
789 3853 926 3914 ‘quantum
941 3853 1078 3902 dissimiles

126 3923 153 3969 in
164 3921 215 3970 thiu
226 3922 299 3982 place
312 3921 364 3970 into
375 3937 392 3970 a
401 3922 496 3970 violent
506 3921 590 3970 invec·
616 3922 703 3984 Petro,
720 3923 765 3983 qui
788 3923 837 3971 sibi
862 3923 932 3971 Petri
953 3928 1078 3984 usurpant

125 3990 592 4054 tiveagainstuomeandherbishops,
616 3987 738 4053 parteml'

127 4078 155 4111 as
178 4061 305 4111 followers
324 4061 353 4110 oi
372 4062 524 4123 contentiou,
542 4061 592 4109 and
