<?xml version="1.0" encoding="UTF-8"?>
<!DOCTYPE html PUBLIC "-//W3C//DTD XHTML 1.0 Transitional//EN"
    "http://www.w3.org/TR/xhtml1/DTD/xhtml1-transitional.dtd">
<html xmlns="http://www.w3.org/1999/xhtml" xml:lang="en" lang="en">
 <head>
  <title>
</title>
<meta http-equiv="Content-Type" content="text/html;charset=utf-8" />
  <meta name='ocr-system' content='tesseract 3.04.00' />
  <meta name='ocr-capabilities' content='ocr_page ocr_carea ocr_par ocr_line ocrx_word'/>
</head>
<body>
  <div class='ocr_page' id='page_1' title='image "./rogeridewendove06rogegoog_0109.png"; bbox 0 0 2858 4876; ppageno 0'>
   <div class='ocr_carea' id='block_1_1' title="bbox 341 403 1029 467">
    <p class='ocr_par' dir='ltr' id='par_1_1' title="bbox 341 403 1029 467">
     <span class='ocr_line' id='line_1_1' title="bbox 341 403 1029 467; baseline -0.004 0"><span class='ocrx_word' id='word_1_1' title='bbox 341 403 406 467; x_wconf 89' lang='lat'><strong>100</strong></span> <span class='ocrx_word' id='word_1_2' title='bbox 595 418 729 465; x_wconf 79' lang='lat' dir='ltr'><strong>uocum</strong></span> <span class='ocrx_word' id='word_1_3' title='bbox 753 419 801 467; x_wconf 84' lang='lat' dir='ltr'><strong>nn</strong></span> <span class='ocrx_word' id='word_1_4' title='bbox 824 417 1029 467; x_wconf 82' lang='lat' dir='ltr'><strong>wnunovnr</strong></span> 
     </span>
    </p>
   </div>
   <div class='ocr_carea' id='block_1_2' title="bbox 180 567 1295 1050">
    <p class='ocr_par' dir='ltr' id='par_1_2' title="bbox 180 567 1295 1050">
     <span class='ocr_line' id='line_1_2' title="bbox 180 567 1293 676; baseline -0.008 -39"><span class='ocrx_word' id='word_1_5' title='bbox 180 587 304 676; x_wconf 47' lang='lat' dir='ltr'><strong>arr-396·</strong></span> <span class='ocrx_word' id='word_1_6' title='bbox 342 571 531 636; x_wconf 88' lang='lat' dir='ltr'><strong>matutinas</strong></span> <span class='ocrx_word' id='word_1_7' title='bbox 568 572 669 653; x_wconf 88' lang='lat' dir='ltr'><strong>signa</strong></span> <span class='ocrx_word' id='word_1_8' title='bbox 708 570 942 654; x_wconf 83' lang='lat' dir='ltr'><strong>pulsarentur,</strong></span> <span class='ocrx_word' id='word_1_9' title='bbox 976 571 1051 652; x_wconf 90' lang='lat' dir='ltr'><strong>ipse</strong></span> <span class='ocrx_word' id='word_1_10' title='bbox 1084 567 1180 631; x_wconf 93' lang='lat' dir='ltr'><strong>nullo</strong></span> <span class='ocrx_word' id='word_1_11' title='bbox 1208 584 1293 629; x_wconf 90' lang='lat' dir='ltr'><strong>usus</strong></span> 
     </span>
     <span class='ocr_line' id='line_1_3' title="bbox 180 641 1292 751; baseline -0.008 -15"><span class='ocrx_word' id='word_1_12' title='bbox 180 641 302 730; x_wconf 53' lang='lat' dir='ltr'><strong>monh</strong></span> <span class='ocrx_word' id='word_1_13' title='bbox 311 684 335 726; x_wconf 73' lang='lat' dir='ltr'><strong>ot</strong></span> <span class='ocrx_word' id='word_1_14' title='bbox 344 671 593 736; x_wconf 88' lang='lat' dir='ltr'><strong>sustentamine</strong></span> <span class='ocrx_word' id='word_1_15' title='bbox 619 671 799 736; x_wconf 90' lang='lat' dir='ltr'><strong>ecclesiam</strong></span> <span class='ocrx_word' id='word_1_16' title='bbox 824 670 921 748; x_wconf 90' lang='lat' dir='ltr'><strong>adiit,</strong></span> <span class='ocrx_word' id='word_1_17' title='bbox 945 675 992 747; x_wconf 90' lang='lat' dir='ltr'><strong>et,</strong></span> <span class='ocrx_word' id='word_1_18' title='bbox 1017 668 1109 751; x_wconf 92' lang='lat' dir='ltr'><strong>quod</strong></span> <span class='ocrx_word' id='word_1_19' title='bbox 1132 665 1292 729; x_wconf 89' lang='lat' dir='ltr'><strong>undecim</strong></span> 
     </span>
     <span class='ocr_line' id='line_1_4' title="bbox 182 738 1295 852; baseline -0.01 -15"><span class='ocrx_word' id='word_1_20' title='bbox 182 738 296 784; x_wconf 55' lang='lat' dir='ltr'><strong>mm</strong></span> <span class='ocrx_word' id='word_1_21' title='bbox 345 772 512 837; x_wconf 89' lang='lat' dir='ltr'><strong>mensium</strong></span> <span class='ocrx_word' id='word_1_22' title='bbox 539 771 653 852; x_wconf 89' lang='lat' dir='ltr'><strong>spatio</strong></span> <span class='ocrx_word' id='word_1_23' title='bbox 682 777 786 835; x_wconf 89' lang='lat' dir='ltr'><strong>antea</strong></span> <span class='ocrx_word' id='word_1_24' title='bbox 813 789 883 833; x_wconf 93' lang='lat' dir='ltr'><strong>non</strong></span> <span class='ocrx_word' id='word_1_25' title='bbox 911 769 1052 845; x_wconf 82' lang='lat' dir='ltr'><strong>fecerat,</strong></span> <span class='ocrx_word' id='word_1_26' title='bbox 1072 767 1214 831; x_wconf 94' lang='lat' dir='ltr'><strong>chorum</strong></span> <span class='ocrx_word' id='word_1_27' title='bbox 1242 765 1295 827; x_wconf 88' lang='lat' dir='ltr'><strong>in-</strong></span> 
     </span>
     <span class='ocr_line' id='line_1_5' title="bbox 344 866 1293 952; baseline -0.005 -19"><span class='ocrx_word' id='word_1_28' title='bbox 344 889 484 952; x_wconf 87' lang='lat' dir='ltr'><strong>gressus</strong></span> <span class='ocrx_word' id='word_1_29' title='bbox 499 876 563 933; x_wconf 90' lang='lat' dir='ltr'><strong>est.</strong></span> <span class='ocrx_word' id='word_1_30' title='bbox 610 869 653 934; x_wconf 87' lang='lat' dir='ltr'><strong>ln</strong></span> <span class='ocrx_word' id='word_1_31' title='bbox 676 870 827 934; x_wconf 89' lang='lat' dir='ltr'><strong>crastino</strong></span> <span class='ocrx_word' id='word_1_32' title='bbox 850 875 979 945; x_wconf 91' lang='lat' dir='ltr'><strong>autem,</strong></span> <span class='ocrx_word' id='word_1_33' title='bbox 1001 867 1126 930; x_wconf 89' lang='lat' dir='ltr'><strong>divinis</strong></span> <span class='ocrx_word' id='word_1_34' title='bbox 1149 866 1214 929; x_wconf 89' lang='lat' dir='ltr'><strong>rite</strong></span> <span class='ocrx_word' id='word_1_35' title='bbox 1236 884 1293 928; x_wconf 92' lang='lat' dir='ltr'><strong>ce·</strong></span> 
     </span>
     <span class='ocr_line' id='line_1_6' title="bbox 345 963 1294 1050; baseline -0.006 -18"><span class='ocrx_word' id='word_1_36' title='bbox 345 969 486 1033; x_wconf 91' lang='lat' dir='ltr'><strong>lebratis</strong></span> <span class='ocrx_word' id='word_1_37' title='bbox 502 968 688 1050; x_wconf 91' lang='lat' dir='ltr'><strong>obsequiis,</strong></span> <span class='ocrx_word' id='word_1_38' title='bbox 705 986 814 1032; x_wconf 88' lang='lat' dir='ltr'><strong>sacrae</strong></span> <span class='ocrx_word' id='word_1_39' title='bbox 836 965 1085 1032; x_wconf 86' lang='lat' dir='ltr'><strong>communionis</strong></span> <span class='ocrx_word' id='word_1_40' title='bbox 1106 963 1294 1048; x_wconf 86' lang='lat' dir='ltr'><strong>participa·</strong></span> 
     </span>
    </p>
   </div>
   <div class='ocr_carea' id='block_1_3' title="bbox 307 1067 761 1149">
    <p class='ocr_par' dir='ltr' id='par_1_3' title="bbox 307 1067 761 1149">
     <span class='ocr_line' id='line_1_7' title="bbox 307 1067 761 1149; baseline -0.002 -16"><span class='ocrx_word' id='word_1_41' title='bbox 307 1098 310 1104; x_wconf 60' lang='grc'><strong>’</strong></span> <span class='ocrx_word' id='word_1_42' title='bbox 345 1067 440 1133; x_wconf 90' lang='lat' dir='ltr'><strong>tione</strong></span> <span class='ocrx_word' id='word_1_43' title='bbox 454 1069 580 1132; x_wconf 91' lang='lat' dir='ltr'><strong>meruit</strong></span> <span class='ocrx_word' id='word_1_44' title='bbox 596 1068 761 1149; x_wconf 90' lang='lat' dir='ltr'><strong>saginari.</strong></span> 
     </span>
    </p>
   </div>
   <div class='ocr_carea' id='block_1_4' title="bbox 419 1236 1231 1405">
    <p class='ocr_par' dir='ltr' id='par_1_4' title="bbox 419 1236 1231 1405">
     <span class='ocr_line' id='line_1_8' title="bbox 419 1236 1231 1326; baseline 0 -24"><span class='ocrx_word' id='word_1_45' title='bbox 419 1239 462 1304; x_wconf 87' lang='lat' dir='ltr'><strong>Ut</strong></span> <span class='ocrx_word' id='word_1_46' title='bbox 474 1239 638 1305; x_wconf 77' lang='lat' dir='ltr'><strong>monachas</strong></span> <span class='ocrx_word' id='word_1_47' title='bbox 644 1241 801 1325; x_wconf 75' lang='lat' dir='ltr'><strong>prefatas</strong></span> <span class='ocrx_word' id='word_1_48' title='bbox 814 1239 971 1318; x_wconf 67' lang='lat' dir='ltr'><strong>elcanan,</strong></span> <span class='ocrx_word' id='word_1_49' title='bbox 988 1259 1082 1326; x_wconf 72' lang='lat' dir='ltr'><strong>pacem</strong></span> <span class='ocrx_word' id='word_1_50' title='bbox 1097 1236 1231 1317; x_wconf 72' lang='lat' dir='ltr'><strong>viderat,</strong></span> 
     </span>
     <span class='ocr_line' id='line_1_9' title="bbox 725 1339 914 1405; baseline -0.011 -1"><span class='ocrx_word' id='word_1_51' title='bbox 725 1339 914 1405; x_wconf 74' lang='lat' dir='ltr'><strong>revelaverit.</strong></span> 
     </span>
    </p>
   </div>
   <div class='ocr_carea' id='block_1_5' title="bbox 347 1462 1377 3733">
    <p class='ocr_par' dir='ltr' id='par_1_5' title="bbox 347 1462 1377 3733">
     <span class='ocr_line' id='line_1_10' title="bbox 400 1462 1377 1548; baseline -0.006 -19"><span class='ocrx_word' id='word_1_52' title='bbox 400 1463 467 1529; x_wconf 89' lang='lat' dir='ltr'><strong>His</strong></span> <span class='ocrx_word' id='word_1_53' title='bbox 497 1464 549 1529; x_wconf 89' lang='lat' dir='ltr'><strong>ita</strong></span> <span class='ocrx_word' id='word_1_54' title='bbox 580 1464 700 1547; x_wconf 91' lang='lat' dir='ltr'><strong>gestis,</strong></span> <span class='ocrx_word' id='word_1_55' title='bbox 728 1465 819 1528; x_wconf 92' lang='lat' dir='ltr'><strong>idem</strong></span> <span class='ocrx_word' id='word_1_56' title='bbox 849 1463 957 1528; x_wconf 81' lang='lat' dir='ltr'><strong>frater</strong></span> <span class='ocrx_word' id='word_1_57' title='bbox 987 1462 1149 1544; x_wconf 87' lang='lat' dir='ltr'><strong>religiosa</strong></span> <span class='ocrx_word' id='word_1_58' title='bbox 1177 1480 1299 1524; x_wconf 85' lang='lat' dir='ltr'><strong>mona-</strong></span> <span class='ocrx_word' id='word_1_59' title='bbox 1372 1541 1377 1548; x_wconf 19' lang='grc' dir='ltr'>ι</span> 
     </span>
     <span class='ocr_line' id='line_1_11' title="bbox 348 1561 1297 1646; baseline -0.005 -18"><span class='ocrx_word' id='word_1_60' title='bbox 348 1564 489 1628; x_wconf 91' lang='lat' dir='ltr'><strong>chorum</strong></span> <span class='ocrx_word' id='word_1_61' title='bbox 511 1563 743 1628; x_wconf 90' lang='lat' dir='ltr'><strong>sollicitudine</strong></span> <span class='ocrx_word' id='word_1_62' title='bbox 767 1565 972 1646; x_wconf 87' lang='lat' dir='ltr'><strong>propensius</strong></span> <span class='ocrx_word' id='word_1_63' title='bbox 986 1563 1210 1641; x_wconf 85' lang='lat' dir='ltr'><strong>convenitur3</strong></span> <span class='ocrx_word' id='word_1_64' title='bbox 1235 1561 1297 1624; x_wconf 91' lang='lat' dir='ltr'><strong>ob·</strong></span> 
     </span>
     <span class='ocr_line' id='line_1_12' title="bbox 347 1659 1297 1746; baseline -0.003 -19"><span class='ocrx_word' id='word_1_65' title='bbox 347 1664 465 1728; x_wconf 87' lang='lat' dir='ltr'><strong>nixius</strong></span> <span class='ocrx_word' id='word_1_66' title='bbox 478 1663 687 1746; x_wconf 90' lang='lat' dir='ltr'><strong>postulatur,</strong></span> <span class='ocrx_word' id='word_1_67' title='bbox 701 1671 748 1727; x_wconf 80' lang='lat' dir='ltr'><strong>ut</strong></span> <span class='ocrx_word' id='word_1_68' title='bbox 770 1683 848 1745; x_wconf 88' lang='lat' dir='ltr'><strong>quae</strong></span> <span class='ocrx_word' id='word_1_69' title='bbox 871 1663 937 1727; x_wconf 90' lang='lat' dir='ltr'><strong>sibi</strong></span> <span class='ocrx_word' id='word_1_70' title='bbox 958 1662 1140 1726; x_wconf 86' lang='lat' dir='ltr'><strong>dormienti</strong></span> <span class='ocrx_word' id='word_1_71' title='bbox 1162 1659 1297 1725; x_wconf 87' lang='lat' dir='ltr'><strong>accide-</strong></span> 
     </span>
     <span class='ocr_line' id='line_1_13' title="bbox 349 1759 1297 1844; baseline -0.005 -17"><span class='ocrx_word' id='word_1_72' title='bbox 349 1769 439 1840; x_wconf 88' lang='lat' dir='ltr'><strong>rant,</strong></span> <span class='ocrx_word' id='word_1_73' title='bbox 466 1771 603 1844; x_wconf 81' lang='lat' dir='ltr'><strong>atquae</strong></span> <span class='ocrx_word' id='word_1_74' title='bbox 626 1762 773 1840; x_wconf 88' lang='lat' dir='ltr'><strong>viderat,</strong></span> <span class='ocrx_word' id='word_1_75' title='bbox 802 1761 1039 1827; x_wconf 85' lang='lat' dir='ltr'><strong>aedificationis</strong></span> <span class='ocrx_word' id='word_1_76' title='bbox 1072 1760 1185 1843; x_wconf 90' lang='lat' dir='ltr'><strong>gratia</strong></span> <span class='ocrx_word' id='word_1_77' title='bbox 1214 1759 1297 1823; x_wconf 94' lang='lat' dir='ltr'><strong>inti-</strong></span> 
     </span>
     <span class='ocr_line' id='line_1_14' title="bbox 348 1859 1298 1942; baseline -0.002 -18"><span class='ocrx_word' id='word_1_78' title='bbox 348 1868 470 1938; x_wconf 91' lang='lat' dir='ltr'><strong>maret,</strong></span> <span class='ocrx_word' id='word_1_79' title='bbox 494 1863 611 1925; x_wconf 87' lang='lat' dir='ltr'><strong>multa.</strong></span> <span class='ocrx_word' id='word_1_80' title='bbox 625 1861 715 1925; x_wconf 88' lang='lat' dir='ltr'><strong>enim</strong></span> <span class='ocrx_word' id='word_1_81' title='bbox 738 1862 804 1925; x_wconf 90' lang='lat' dir='ltr'><strong>sibi</strong></span> <span class='ocrx_word' id='word_1_82' title='bbox 826 1868 966 1926; x_wconf 88' lang='lat' dir='ltr'><strong>ostensa</strong></span> <span class='ocrx_word' id='word_1_83' title='bbox 987 1860 1094 1925; x_wconf 82' lang='lat' dir='ltr'><strong>fuisse</strong></span> <span class='ocrx_word' id='word_1_84' title='bbox 1115 1881 1162 1924; x_wconf 85' lang='lat' dir='ltr'><strong>ex</strong></span> <span class='ocrx_word' id='word_1_85' title='bbox 1188 1859 1298 1942; x_wconf 88' lang='lat' dir='ltr'><strong>signis</strong></span> 
     </span>
     <span class='ocr_line' id='line_1_15' title="bbox 349 1959 1299 2046; baseline -0.003 -22"><span class='ocrx_word' id='word_1_86' title='bbox 349 1960 577 2038; x_wconf 64' lang='lat' dir='ltr'><strong>evidentibus</strong></span> <span class='ocrx_word' id='word_1_87' title='bbox 595 1981 672 2043; x_wconf 91' lang='lat' dir='ltr'><strong>quae</strong></span> <span class='ocrx_word' id='word_1_88' title='bbox 684 1960 851 2038; x_wconf 89' lang='lat' dir='ltr'><strong>viderant,</strong></span> <span class='ocrx_word' id='word_1_89' title='bbox 867 1961 1112 2046; x_wconf 83' lang='lat' dir='ltr'><strong>intelligentes,</strong></span> <span class='ocrx_word' id='word_1_90' title='bbox 1138 1959 1198 2042; x_wconf 93' lang='lat' dir='ltr'><strong>qui</strong></span> <span class='ocrx_word' id='word_1_91' title='bbox 1221 1979 1299 2024; x_wconf 85' lang='lat' dir='ltr'><strong>vor-</strong></span> 
     </span>
     <span class='ocr_line' id='line_1_16' title="bbox 348 2057 1297 2144; baseline -0.002 -20"><span class='ocrx_word' id='word_1_92' title='bbox 348 2059 395 2124; x_wconf 88' lang='lat' dir='ltr'><strong>ba</strong></span> <span class='ocrx_word' id='word_1_93' title='bbox 420 2059 495 2144; x_wconf 89' lang='lat' dir='ltr'><strong>ejus</strong></span> <span class='ocrx_word' id='word_1_94' title='bbox 528 2061 801 2142; x_wconf 84' lang='lat' dir='ltr'><strong>expergiscentis</strong></span> <span class='ocrx_word' id='word_1_95' title='bbox 832 2061 942 2143; x_wconf 88' lang='lat' dir='ltr'><strong>pridie</strong></span> <span class='ocrx_word' id='word_1_96' title='bbox 970 2060 1152 2123; x_wconf 83' lang='lat' dir='ltr'><strong>audierant</strong></span> <span class='ocrx_word' id='word_1_97' title='bbox 1180 2066 1216 2122; x_wconf 91' lang='lat' dir='ltr'><strong>et</strong></span> <span class='ocrx_word' id='word_1_98' title='bbox 1246 2057 1297 2122; x_wconf 88' lang='lat' dir='ltr'><strong>la-</strong></span> 
     </span>
     <span class='ocr_line' id='line_1_17' title="bbox 349 2157 1298 2242; baseline 0 -20"><span class='ocrx_word' id='word_1_99' title='bbox 349 2157 509 2242; x_wconf 89' lang='lat' dir='ltr'><strong>chrymas</strong></span> <span class='ocrx_word' id='word_1_100' title='bbox 541 2158 616 2242; x_wconf 91' lang='lat' dir='ltr'><strong>ejus</strong></span> <span class='ocrx_word' id='word_1_101' title='bbox 642 2159 876 2224; x_wconf 86' lang='lat' dir='ltr'><strong>indesinentes</strong></span> <span class='ocrx_word' id='word_1_102' title='bbox 901 2158 1077 2224; x_wconf 89' lang='lat' dir='ltr'><strong>videbant.</strong></span> <span class='ocrx_word' id='word_1_103' title='bbox 1129 2158 1209 2237; x_wconf 83' lang='lat' dir='ltr'><strong>Quo</strong></span> <span class='ocrx_word' id='word_1_104' title='bbox 1236 2159 1298 2222; x_wconf 89' lang='lat' dir='ltr'><strong>ali·</strong></span> 
     </span>
     <span class='ocr_line' id='line_1_18' title="bbox 348 2257 1298 2341; baseline 0.002 -20"><span class='ocrx_word' id='word_1_105' title='bbox 348 2259 513 2341; x_wconf 91' lang='lat' dir='ltr'><strong>quamdiu</strong></span> <span class='ocrx_word' id='word_1_106' title='bbox 537 2277 574 2322; x_wconf 88' lang='lat' dir='ltr'><strong>se</strong></span> <span class='ocrx_word' id='word_1_107' title='bbox 594 2259 765 2322; x_wconf 87' lang='lat' dir='ltr'><strong>facturum</strong></span> <span class='ocrx_word' id='word_1_108' title='bbox 790 2257 1037 2338; x_wconf 89' lang='lat' dir='ltr'><strong>dissimulante,</strong></span> <span class='ocrx_word' id='word_1_109' title='bbox 1060 2278 1138 2322; x_wconf 94' lang='lat' dir='ltr'><strong>cum</strong></span> <span class='ocrx_word' id='word_1_110' title='bbox 1162 2258 1213 2322; x_wconf 89' lang='lat' dir='ltr'><strong>illi</strong></span> <span class='ocrx_word' id='word_1_111' title='bbox 1237 2278 1298 2341; x_wconf 91' lang='lat' dir='ltr'><strong>pe·</strong></span> 
     </span>
     <span class='ocr_line' id='line_1_19' title="bbox 348 2356 1300 2440; baseline -0.002 -18"><span class='ocrx_word' id='word_1_112' title='bbox 348 2358 454 2422; x_wconf 88' lang='lat' dir='ltr'><strong>tendo</strong></span> <span class='ocrx_word' id='word_1_113' title='bbox 470 2358 692 2423; x_wconf 88' lang='lat' dir='ltr'><strong>vehementer</strong></span> <span class='ocrx_word' id='word_1_114' title='bbox 716 2359 897 2436; x_wconf 87' lang='lat' dir='ltr'><strong>instarent,</strong></span> <span class='ocrx_word' id='word_1_115' title='bbox 919 2377 998 2440; x_wconf 88' lang='lat' dir='ltr'><strong>quae</strong></span> <span class='ocrx_word' id='word_1_116' title='bbox 1020 2358 1165 2422; x_wconf 86' lang='lat' dir='ltr'><strong>inferius</strong></span> <span class='ocrx_word' id='word_1_117' title='bbox 1187 2356 1300 2439; x_wconf 87' lang='lat' dir='ltr'><strong>diges-</strong></span> 
     </span>
     <span class='ocr_line' id='line_1_20' title="bbox 349 2457 1298 2541; baseline -0.002 -19"><span class='ocrx_word' id='word_1_118' title='bbox 349 2465 388 2522; x_wconf 90' lang='lat' dir='ltr'><strong>ta</strong></span> <span class='ocrx_word' id='word_1_119' title='bbox 402 2464 497 2536; x_wconf 94' lang='lat' dir='ltr'><strong>sunt,</strong></span> <span class='ocrx_word' id='word_1_120' title='bbox 512 2457 734 2523; x_wconf 86' lang='lat' dir='ltr'><strong>influentibus</strong></span> <span class='ocrx_word' id='word_1_121' title='bbox 751 2457 886 2541; x_wconf 88' lang='lat' dir='ltr'><strong>jugiter</strong></span> <span class='ocrx_word' id='word_1_122' title='bbox 908 2457 1093 2541; x_wconf 88' lang='lat' dir='ltr'><strong>lachrymis</strong></span> <span class='ocrx_word' id='word_1_123' title='bbox 1115 2464 1151 2521; x_wconf 91' lang='lat' dir='ltr'><strong>ct</strong></span> <span class='ocrx_word' id='word_1_124' title='bbox 1167 2457 1298 2538; x_wconf 90' lang='lat' dir='ltr'><strong>gemitu</strong></span> 
     </span>
     <span class='ocr_line' id='line_1_21' title="bbox 351 2555 1299 2634; baseline -0.001 -13"><span class='ocrx_word' id='word_1_125' title='bbox 351 2576 469 2621; x_wconf 88' lang='lat' dir='ltr'><strong>vocem</strong></span> <span class='ocrx_word' id='word_1_126' title='bbox 487 2557 638 2623; x_wconf 89' lang='lat' dir='ltr'><strong>crebrius</strong></span> <span class='ocrx_word' id='word_1_127' title='bbox 653 2557 866 2634; x_wconf 86' lang='lat' dir='ltr'><strong>absorbente,</strong></span> <span class='ocrx_word' id='word_1_128' title='bbox 884 2558 1050 2621; x_wconf 90' lang='lat' dir='ltr'><strong>narravit.</strong></span> <span class='ocrx_word' id='word_1_129' title='bbox 1102 2555 1299 2634; x_wconf 77' lang='lat' dir='ltr'><strong>‘Cum,’in·&#39;</strong></span> 
     </span>
     <span class='ocr_line' id='line_1_22' title="bbox 350 2655 1300 2739; baseline -0.002 -21"><span class='ocrx_word' id='word_1_130' title='bbox 350 2656 439 2738; x_wconf 92' lang='lat' dir='ltr'><strong>quit,</strong></span> <span class='ocrx_word' id='word_1_131' title='bbox 453 2656 570 2738; x_wconf 83' lang='lat' dir='ltr'><strong>‘gravi</strong></span> <span class='ocrx_word' id='word_1_132' title='bbox 592 2663 628 2720; x_wconf 89' lang='lat' dir='ltr'><strong>et</strong></span> <span class='ocrx_word' id='word_1_133' title='bbox 644 2656 792 2738; x_wconf 86' lang='lat' dir='ltr'><strong>prolixa,</strong></span> <span class='ocrx_word' id='word_1_134' title='bbox 807 2657 896 2720; x_wconf 91' lang='lat' dir='ltr'><strong>sicut</strong></span> <span class='ocrx_word' id='word_1_135' title='bbox 912 2655 1061 2734; x_wconf 88' lang='lat' dir='ltr'><strong>vidistis,</strong></span> <span class='ocrx_word' id='word_1_136' title='bbox 1073 2657 1228 2739; x_wconf 90' lang='lat' dir='ltr'><strong>corporis</strong></span> <span class='ocrx_word' id='word_1_137' title='bbox 1246 2657 1300 2719; x_wconf 63' lang='lat' dir='ltr'><strong>in÷</strong></span> 
     </span>
     <span class='ocr_line' id='line_1_23' title="bbox 350 2754 1302 2832; baseline 0.001 -13"><span class='ocrx_word' id='word_1_138' title='bbox 350 2755 513 2820; x_wconf 88' lang='lat' dir='ltr'><strong>firmitate</strong></span> <span class='ocrx_word' id='word_1_139' title='bbox 540 2754 730 2832; x_wconf 87' lang='lat' dir='ltr'><strong>deficerem,</strong></span> <span class='ocrx_word' id='word_1_140' title='bbox 761 2762 796 2819; x_wconf 91' lang='lat' dir='ltr'><strong>et</strong></span> <span class='ocrx_word' id='word_1_141' title='bbox 819 2754 1006 2820; x_wconf 91' lang='lat' dir='ltr'><strong>Dominum</strong></span> <span class='ocrx_word' id='word_1_142' title='bbox 1032 2776 1091 2820; x_wconf 88' lang='lat' dir='ltr'><strong>ore</strong></span> <span class='ocrx_word' id='word_1_143' title='bbox 1118 2775 1160 2820; x_wconf 89' lang='lat' dir='ltr'><strong>ac</strong></span> <span class='ocrx_word' id='word_1_144' title='bbox 1187 2762 1302 2821; x_wconf 88' lang='lat' dir='ltr'><strong>mente</strong></span> 
     </span>
     <span class='ocr_line' id='line_1_24' title="bbox 350 2854 1298 2938; baseline 0 -19"><span class='ocrx_word' id='word_1_145' title='bbox 350 2854 587 2920; x_wconf 89' lang='lat' dir='ltr'><strong>benedicerem</strong></span> <span class='ocrx_word' id='word_1_146' title='bbox 618 2855 819 2936; x_wconf 82' lang='lat' dir='ltr'><strong>gratiasque</strong></span> <span class='ocrx_word' id='word_1_147' title='bbox 844 2855 896 2918; x_wconf 94' lang='lat' dir='ltr'><strong>illi</strong></span> <span class='ocrx_word' id='word_1_148' title='bbox 925 2855 1099 2933; x_wconf 87' lang='lat' dir='ltr'><strong>referrem,</strong></span> <span class='ocrx_word' id='word_1_149' title='bbox 1125 2856 1216 2938; x_wconf 93' lang='lat' dir='ltr'><strong>quod</strong></span> <span class='ocrx_word' id='word_1_150' title='bbox 1243 2876 1298 2919; x_wconf 89' lang='lat' dir='ltr'><strong>me</strong></span> 
     </span>
     <span class='ocr_line' id='line_1_25' title="bbox 350 2953 1300 3037; baseline 0.002 -20"><span class='ocrx_word' id='word_1_151' title='bbox 350 2954 529 3035; x_wconf 88' lang='lat' dir='ltr'><strong>indignum</strong></span> <span class='ocrx_word' id='word_1_152' title='bbox 565 2953 732 3017; x_wconf 85' lang='lat' dir='ltr'><strong>famulum</strong></span> <span class='ocrx_word' id='word_1_153' title='bbox 774 2961 920 3037; x_wconf 91' lang='lat' dir='ltr'><strong>paterno</strong></span> <span class='ocrx_word' id='word_1_154' title='bbox 952 2956 1094 3019; x_wconf 89' lang='lat' dir='ltr'><strong>verbere</strong></span> <span class='ocrx_word' id='word_1_155' title='bbox 1127 2955 1300 3037; x_wconf 88' lang='lat' dir='ltr'><strong>castigare</strong></span> 
     </span>
     <span class='ocr_line' id='line_1_26' title="bbox 350 3052 1303 3137; baseline 0 -21"><span class='ocrx_word' id='word_1_156' title='bbox 350 3053 563 3133; x_wconf 83' lang='lat' dir='ltr'><strong>dignaretur,</strong></span> <span class='ocrx_word' id='word_1_157' title='bbox 593 3052 788 3136; x_wconf 91' lang='lat' dir='ltr'><strong>postposita</strong></span> <span class='ocrx_word' id='word_1_158' title='bbox 824 3054 918 3117; x_wconf 93' lang='lat' dir='ltr'><strong>omni</strong></span> <span class='ocrx_word' id='word_1_159' title='bbox 946 3072 1009 3136; x_wconf 87' lang='lat' dir='ltr'><strong>spe</strong></span> <span class='ocrx_word' id='word_1_160' title='bbox 1040 3054 1218 3137; x_wconf 89' lang='lat' dir='ltr'><strong>sospitatis</strong></span> <span class='ocrx_word' id='word_1_161' title='bbox 1247 3074 1303 3118; x_wconf 84' lang='lat' dir='ltr'><strong>re-</strong></span> 
     </span>
     <span class='ocr_line' id='line_1_27' title="bbox 351 3152 1302 3236; baseline 0.005 -22"><span class='ocrx_word' id='word_1_162' title='bbox 351 3152 569 3232; x_wconf 88' lang='lat' dir='ltr'><strong>cuperandae,</strong></span> <span class='ocrx_word' id='word_1_163' title='bbox 602 3153 705 3234; x_wconf 88' lang='lat' dir='ltr'><strong>coepi,</strong></span> <span class='ocrx_word' id='word_1_164' title='bbox 737 3160 842 3235; x_wconf 94' lang='lat' dir='ltr'><strong>prout</strong></span> <span class='ocrx_word' id='word_1_165' title='bbox 875 3154 985 3235; x_wconf 91' lang='lat' dir='ltr'><strong>potui,</strong></span> <span class='ocrx_word' id='word_1_166' title='bbox 1016 3154 1184 3236; x_wconf 88' lang='lat' dir='ltr'><strong>meipsum</strong></span> <span class='ocrx_word' id='word_1_167' title='bbox 1213 3173 1302 3236; x_wconf 90' lang='lat' dir='ltr'><strong>prae-</strong></span> 
     </span>
     <span class='ocr_line' id='line_1_28' title="bbox 350 3251 1299 3333; baseline 0.006 -20"><span class='ocrx_word' id='word_1_168' title='bbox 350 3269 485 3332; x_wconf 84' lang='lat' dir='ltr'><strong>parare,</strong></span> <span class='ocrx_word' id='word_1_169' title='bbox 508 3270 576 3333; x_wconf 92' lang='lat' dir='ltr'><strong>quo</strong></span> <span class='ocrx_word' id='word_1_170' title='bbox 596 3252 700 3316; x_wconf 91' lang='lat' dir='ltr'><strong>citius</strong></span> <span class='ocrx_word' id='word_1_171' title='bbox 719 3251 828 3316; x_wconf 84' lang='lat' dir='ltr'><strong>futuri</strong></span> <span class='ocrx_word' id='word_1_172' title='bbox 847 3252 955 3316; x_wconf 91' lang='lat' dir='ltr'><strong>seculi</strong></span> <span class='ocrx_word' id='word_1_173' title='bbox 977 3253 1194 3318; x_wconf 86' lang='lat' dir='ltr'><strong>calamitates</strong></span> <span class='ocrx_word' id='word_1_174' title='bbox 1215 3273 1299 3320; x_wconf 83' lang='lat' dir='ltr'><strong>eva-</strong></span> 
     </span>
     <span class='ocr_line' id='line_1_29' title="bbox 351 3348 1301 3434; baseline 0.007 -23"><span class='ocrx_word' id='word_1_175' title='bbox 351 3348 466 3413; x_wconf 91' lang='lat' dir='ltr'><strong>derem</strong></span> <span class='ocrx_word' id='word_1_176' title='bbox 488 3349 570 3412; x_wconf 93' lang='lat' dir='ltr'><strong>dum</strong></span> <span class='ocrx_word' id='word_1_177' title='bbox 593 3369 702 3415; x_wconf 91' lang='lat' dir='ltr'><strong>essem</strong></span> <span class='ocrx_word' id='word_1_178' title='bbox 730 3371 749 3416; x_wconf 93' lang='lat' dir='ltr'><strong>e</strong></span> <span class='ocrx_word' id='word_1_179' title='bbox 774 3371 917 3434; x_wconf 88' lang='lat' dir='ltr'><strong>corpore</strong></span> <span class='ocrx_word' id='word_1_180' title='bbox 944 3352 1152 3417; x_wconf 76' lang='lat' dir='ltr'><strong>evocandus</strong></span> <span class='ocrx_word' id='word_1_181' title='bbox 1205 3353 1301 3418; x_wconf 91' lang='lat' dir='ltr'><strong>Dum</strong></span> 
     </span>
     <span class='ocr_line' id='line_1_30' title="bbox 350 3446 1302 3532; baseline 0.006 -21"><span class='ocrx_word' id='word_1_182' title='bbox 350 3446 425 3514; x_wconf 87' lang='lat' dir='ltr'><strong>haec</strong></span> <span class='ocrx_word' id='word_1_183' title='bbox 447 3468 579 3514; x_wconf 90' lang='lat' dir='ltr'><strong>mecum</strong></span> <span class='ocrx_word' id='word_1_184' title='bbox 607 3449 748 3515; x_wconf 90' lang='lat' dir='ltr'><strong>sedulus</strong></span> <span class='ocrx_word' id='word_1_185' title='bbox 773 3470 924 3532; x_wconf 88' lang='lat' dir='ltr'><strong>agerem,</strong></span> <span class='ocrx_word' id='word_1_186' title='bbox 948 3451 1053 3516; x_wconf 89' lang='lat' dir='ltr'><strong>incidi</strong></span> <span class='ocrx_word' id='word_1_187' title='bbox 1076 3452 1113 3514; x_wconf 94' lang='lat' dir='ltr'><strong>in</strong></span> <span class='ocrx_word' id='word_1_188' title='bbox 1135 3453 1302 3517; x_wconf 87' lang='lat' dir='ltr'><strong>tentatio·</strong></span> 
     </span>
     <span class='ocr_line' id='line_1_31' title="bbox 350 3550 1302 3637; baseline 0.011 -28"><span class='ocrx_word' id='word_1_189' title='bbox 350 3566 441 3624; x_wconf 90' lang='lat' dir='ltr'><strong>nem,</strong></span> <span class='ocrx_word' id='word_1_190' title='bbox 473 3554 515 3615; x_wconf 91' lang='lat' dir='ltr'><strong>ut</strong></span> <span class='ocrx_word' id='word_1_191' title='bbox 544 3550 735 3637; x_wconf 90' lang='lat' dir='ltr'><strong>Dominum</strong></span> <span class='ocrx_word' id='word_1_192' title='bbox 764 3550 974 3631; x_wconf 89' lang='lat' dir='ltr'><strong>postularem</strong></span> <span class='ocrx_word' id='word_1_193' title='bbox 1008 3557 1179 3633; x_wconf 86' lang='lat' dir='ltr'><strong>quatenus</strong></span> <span class='ocrx_word' id='word_1_194' title='bbox 1215 3552 1302 3619; x_wconf 85' lang='lat' dir='ltr'><strong>mihi</strong></span> 
     </span>
     <span class='ocr_line' id='line_1_32' title="bbox 351 3648 1301 3733; baseline 0.007 -27"><span class='ocrx_word' id='word_1_195' title='bbox 351 3664 567 3730; x_wconf 91' lang='lat' dir='ltr'><strong>quocumque</strong></span> <span class='ocrx_word' id='word_1_196' title='bbox 589 3648 691 3713; x_wconf 91' lang='lat' dir='ltr'><strong>modo</strong></span> <span class='ocrx_word' id='word_1_197' title='bbox 713 3649 868 3712; x_wconf 88' lang='lat' dir='ltr'><strong>revelare</strong></span> <span class='ocrx_word' id='word_1_198' title='bbox 890 3648 1093 3731; x_wconf 89' lang='lat' dir='ltr'><strong>dignaretur</strong></span> <span class='ocrx_word' id='word_1_199' title='bbox 1109 3649 1223 3733; x_wconf 90' lang='lat' dir='ltr'><strong>qualis</strong></span> <span class='ocrx_word' id='word_1_200' title='bbox 1247 3670 1301 3715; x_wconf 74' lang='lat' dir='ltr'><strong>es,</strong></span> 
     </span>
    </p>
   </div>
   <div class='ocr_carea' id='block_1_6' title="bbox 347 3744 1300 4229">
    <p class='ocr_par' dir='ltr' id='par_1_6' title="bbox 347 3744 1300 4229">
     <span class='ocr_line' id='line_1_33' title="bbox 349 3744 1300 3829; baseline 0.006 -22"><span class='ocrx_word' id='word_1_201' title='bbox 349 3750 404 3808; x_wconf 87' lang='lat' dir='ltr'><strong>set</strong></span> <span class='ocrx_word' id='word_1_202' title='bbox 425 3744 541 3809; x_wconf 85' lang='lat' dir='ltr'><strong>futuri-</strong></span> <span class='ocrx_word' id='word_1_203' title='bbox 560 3748 667 3811; x_wconf 89' lang='lat' dir='ltr'><strong>seculi</strong></span> <span class='ocrx_word' id='word_1_204' title='bbox 689 3753 818 3824; x_wconf 78' lang='lat' dir='ltr'><strong>statuS,</strong></span> <span class='ocrx_word' id='word_1_205' title='bbox 839 3767 919 3829; x_wconf 88' lang='lat' dir='ltr'><strong>quae</strong></span> <span class='ocrx_word' id='word_1_206' title='bbox 942 3750 1135 3813; x_wconf 90' lang='lat' dir='ltr'><strong>animarum</strong></span> <span class='ocrx_word' id='word_1_207' title='bbox 1157 3750 1200 3814; x_wconf 88' lang='lat' dir='ltr'><strong>de</strong></span> <span class='ocrx_word' id='word_1_208' title='bbox 1223 3769 1300 3815; x_wconf 81' lang='lat' dir='ltr'><strong>cor·</strong></span> 
     </span>
     <span class='ocr_line' id='line_1_34' title="bbox 349 3845 1299 3931; baseline 0.009 -25"><span class='ocrx_word' id='word_1_209' title='bbox 349 3861 433 3923; x_wconf 90' lang='lat' dir='ltr'><strong>pore</strong></span> <span class='ocrx_word' id='word_1_210' title='bbox 447 3854 687 3928; x_wconf 88' lang='lat' dir='ltr'><strong>exemptarum</strong></span> <span class='ocrx_word' id='word_1_211' title='bbox 701 3852 782 3928; x_wconf 91' lang='lat' dir='ltr'><strong>post</strong></span> <span class='ocrx_word' id='word_1_212' title='bbox 796 3845 885 3910; x_wconf 87' lang='lat' dir='ltr'><strong>hanc</strong></span> <span class='ocrx_word' id='word_1_213' title='bbox 900 3848 1009 3913; x_wconf 87' lang='lat' dir='ltr'><strong>vitam</strong></span> <span class='ocrx_word' id='word_1_214' title='bbox 1024 3848 1113 3913; x_wconf 83' lang='lat' dir='ltr'><strong>soret</strong></span> <span class='ocrx_word' id='word_1_215' title='bbox 1129 3849 1299 3931; x_wconf 90' lang='lat' dir='ltr'><strong>conditio;</strong></span> 
     </span>
     <span class='ocr_line' id='line_1_35' title="bbox 349 3944 1299 4030; baseline 0.008 -25"><span class='ocrx_word' id='word_1_216' title='bbox 349 3949 533 4023; x_wconf 89' lang='lat' dir='ltr'><strong>quatenus,</strong></span> <span class='ocrx_word' id='word_1_217' title='bbox 549 3945 603 4009; x_wconf 89' lang='lat' dir='ltr'><strong>bis</strong></span> <span class='ocrx_word' id='word_1_218' title='bbox 619 3945 781 4026; x_wconf 77' lang='lat' dir='ltr'><strong>cognitiS,</strong></span> <span class='ocrx_word' id='word_1_219' title='bbox 797 3944 960 4027; x_wconf 90' lang='lat' dir='ltr'><strong>liquidius</strong></span> <span class='ocrx_word' id='word_1_220' title='bbox 970 3947 1206 4029; x_wconf 87' lang='lat' dir='ltr'><strong>dignoscerem</strong></span> <span class='ocrx_word' id='word_1_221' title='bbox 1217 3950 1299 4030; x_wconf 89' lang='lat' dir='ltr'><strong>quid</strong></span> 
     </span>
     <span class='ocr_line' id='line_1_36' title="bbox 347 4040 1300 4130; baseline 0.014 -28"><span class='ocrx_word' id='word_1_222' title='bbox 347 4040 432 4104; x_wconf 90' lang='lat' dir='ltr'><strong>mihi</strong></span> <span class='ocrx_word' id='word_1_223' title='bbox 447 4042 484 4105; x_wconf 93' lang='lat' dir='ltr'><strong>in</strong></span> <span class='ocrx_word' id='word_1_224' title='bbox 500 4044 609 4122; x_wconf 89' lang='lat' dir='ltr'><strong>brevi,</strong></span> <span class='ocrx_word' id='word_1_225' title='bbox 625 4051 664 4109; x_wconf 90' lang='lat' dir='ltr'><strong>ut</strong></span> <span class='ocrx_word' id='word_1_226' title='bbox 681 4045 860 4126; x_wconf 87' lang='lat' dir='ltr'><strong>putabam,</strong></span> <span class='ocrx_word' id='word_1_227' title='bbox 874 4045 1064 4127; x_wconf 89' lang='lat' dir='ltr'><strong>migraturo</strong></span> <span class='ocrx_word' id='word_1_228' title='bbox 1079 4048 1300 4130; x_wconf 88' lang='lat' dir='ltr'><strong>sperandum,</strong></span> 
     </span>
     <span class='ocr_line' id='line_1_37' title="bbox 348 4138 1300 4229; baseline 0.012 -28"><span class='ocrx_word' id='word_1_229' title='bbox 348 4138 430 4220; x_wconf 93' lang='lat' dir='ltr'><strong>quid</strong></span> <span class='ocrx_word' id='word_1_230' title='bbox 455 4143 676 4208; x_wconf 89' lang='lat' dir='ltr'><strong>metuendum</strong></span> <span class='ocrx_word' id='word_1_231' title='bbox 699 4143 876 4221; x_wconf 84' lang='lat' dir='ltr'><strong>existeret,</strong></span> <span class='ocrx_word' id='word_1_232' title='bbox 899 4152 940 4208; x_wconf 93' lang='lat' dir='ltr'><strong>ut</strong></span> <span class='ocrx_word' id='word_1_233' title='bbox 961 4145 1102 4229; x_wconf 87' lang='lat' dir='ltr'><strong>perinde</strong></span> <span class='ocrx_word' id='word_1_234' title='bbox 1122 4148 1161 4210; x_wconf 93' lang='lat' dir='ltr'><strong>in</strong></span> <span class='ocrx_word' id='word_1_235' title='bbox 1183 4166 1300 4212; x_wconf 88' lang='lat' dir='ltr'><strong>amore</strong></span> 
     </span>
    </p>
   </div>
   <div class='ocr_carea' id='block_1_7' title="bbox 0 0 1437 4876">
    <p class='ocr_par' dir='ltr' id='par_1_7' title="bbox 0 0 1437 4876">
     <span class='ocr_line' id='line_1_38' title="bbox 0 0 1437 4876; baseline 0 0"><span class='ocrx_word' id='word_1_236' title='bbox 0 0 1437 4876; x_wconf 95' lang='lat' dir='ltr'><strong> </strong></span> 
     </span>
    </p>
   </div>
  </div>
 </body>
</html>
