2858 4876
341 374 410 439 106.
597 392 737 443 nocent
757 392 804 438 nn
829 391 1036 441 wennovnn

179 563 235 602 an
246 563 303 603 ¹¹⁹⁶
343 547 503 614 nebulam
529 547 756 614 intolerabilis
780 547 915 613 foetoris
936 548 1069 632 jugiter
1095 548 1295 614 exhalabat.

178 613 255 703 Lfffi
222 614 299 703 end0111<
307 647 532 713 orlmminens
549 668 632 714 vero
654 668 699 713 ex
716 648 782 712 hac
803 656 903 730 parte
922 648 1038 729 stagni
1056 646 1184 712 montis
1202 648 1296 713 latus

180 713 212 754 E
214 673 294 754 'him'
341 764 462 830 rogum
486 748 564 812 ad
554 768 649 830 rpsos
671 767 782 830 usque
809 748 885 812 caeli
907 748 1066 812 cardines
1091 747 1191 812 emitt
1177 748 1293 826 tebat;

339 867 385 911 ex
410 848 569 930 opposito
598 854 715 912 autem
741 847 976 930 promontorio
1010 847 1108 911 collis
1137 846 1291 931 ejusdcm

340 953 440 1010 tanta
459 947 597 1029 frigoris
616 948 826 1024 immanitas,
844 947 1002 1012 certatim
1025 947 1115 1012 nivis
1135 954 1171 1011 et
1190 967 1295 1028 gran·

339 1046 429 1110 dinis
448 1047 672 1111 saevientibus
692 1046 865 1129 procelliS,
891 1046 1038 1128 rigebat,
1062 1046 1179 1110 utillo
1200 1054 1294 1111 eate-

339 1165 405 1210 nus
432 1146 557 1234 algore
585 1146 670 1210 nihil
699 1145 871 1229 poenalius
900 1166 955 1209 me
984 1146 1180 1228 putaverim
1210 1166 1293 1211 con-

339 1246 508 1328 spexisse.
560 1245 709 1311 Tractus
737 1245 839 1310 vallis
868 1246 1081 1328 praescriptae
1106 1253 1142 1310 et
1164 1247 1293 1311 utrius·

339 1364 407 1427 que
434 1346 562 1411 montis
587 1346 710 1424 latera,
734 1365 813 1429 quae
836 1344 975 1426 frigoris
1003 1345 1163 1427 ignisque
1185 1344 1292 1411 facies

338 1443 509 1510 horrenda
539 1446 728 1523 invaserat,
757 1452 855 1511 tanta
885 1445 1107 1510 multitudine
1137 1445 1293 1511 fervebat

339 1546 545 1622 animarum,
567 1552 607 1610 ut
629 1544 742 1609 solent
765 1544 917 1608 alvearia
938 1546 1059 1609 crebro
1081 1563 1184 1627 apum
1207 1564 1293 1612 exa·

338 1644 428 1709 mine
456 1643 583 1709 referta
611 1652 765 1724 scatere3
795 1645 920 1726 quibus
944 1643 1010 1708 hoc
1039 1643 1106 1709 fuit
1131 1645 1292 1727 generale

337 1743 555 1825 supplicium,
578 1745 672 1827 quod
702 1752 784 1809 tuno
811 1743 847 1807 in
880 1763 981 1808 amne
1003 1743 1126 1808 soetido
1157 1763 1291 1827 mergae

337 1842 486 1920 bantur;
511 1850 593 1907 tunc
614 1844 696 1907 inde
722 1851 940 1926 erumpentes
966 1842 1047 1906 hinc
1070 1844 1182 1908 obviis
1205 1844 1292 1925 igni-

338 1961 397 2005 um
418 1943 651 2009 voluminibus
675 1944 900 2021 vorabantur,
927 1963 968 2008 ac
992 1943 1142 2020 demum,
1167 1942 1290 2006 fluctu-

338 2042 478 2106 antibus
520 2043 736 2107 flammarum
773 2043 898 2124 globis,
934 2050 1099 2125 tanquam
1139 2042 1290 2107 fornacis

338 2142 498 2213 scintillae
524 2144 561 2207 in
590 2143 718 2208 editum
747 2143 872 2208 delatae
901 2149 936 2207 et
963 2143 1004 2207 in
1027 2142 1172 2207 alterius
1204 2142 1289 2225 ripae

320 2240 509 2323 ‚profunda
530 2243 700 2320 demissae,
722 2242 916 2307 turbinibus
936 2249 1131 2320 ventorum,
1153 2241 1290 2325 frigori-

338 2342 402 2406 bus
432 2343 564 2407 nivium
592 2350 628 2407 ct
653 2344 900 2425 asperitatibus
929 2343 1135 2424 grandinum
1170 2343 1290 2407 redde-

336 2441 482 2522 bantur;
502 2442 581 2506 inde
598 2443 837 2525 praecipitatae,
853 2449 890 2507 et
904 2443 1005 2526 quasi
1020 2443 1185 2507 violentia
1203 2449 1289 2507 tem-

337 2548 512 2622 pestatum
532 2541 756 2624 refugientes
777 2543 902 2628 iterum
925 2541 1107 2605 foetoribus
1135 2542 1231 2607 fluvii
1254 2552 1289 2608 et

338 2638 642 2705 incremationibus
665 2633 908 2705 debacchantis
930 2640 1080 2704 incendii
1106 2642 1289 2706 trudeban-

339 2744 405 2800 tur.
453 2738 632 2818 Quosdam
649 2735 995 2822 flammae,‘qu0sdam
1012 2741 1143 2823 frigora
1159 2739 1289 2805 diutius

339 2838 551 2916 cruciabant,
577 2839 778 2922 etquidem
803 2840 839 2902 in
865 2841 976 2904 amnis
1001 2840 1126 2904 soetore
1155 2859 1288 2904 moram

338 2935 510 3002 ducebant
531 2938 736 3020 largiorem
760 2939 860 3017 alios,
880 2940 981 3020 quasi
1000 2939 1095 3003 oleas
1113 2939 1150 3002 in
1167 2939 1289 3022 praelo,

338 3035 389 3100 ita
410 3037 532 3101 mediis
550 3039 588 3102 in
607 3037 754 3103 flammis
773 3039 964 3122 comprimi,
982 3038 1075 3121 quod
1095 3039 1189 3103 dictu
1208 3038 1289 3103 hor·

338 3136 437 3200 ribile
462 3144 527 3215 est,
547 3145 583 3202 et
600 3137 835 3202 indesinenter
857 3138 985 3203 arctari
1002 3138 1167 3203 visebam.
1206 3138 1290 3201 Om-

338 3236 433 3300 nium
453 3237 573 3319 igitur,
590 3239 650 3321 qui
671 3238 742 3302 illic
762 3238 1016 3316 cruciabantur,
1033 3238 1103 3302 ista
1123 3237 1190 3302 fuit
1206 3258 1289 3303 con-

337 3334 434 3414 ditio,
453 3338 545 3418 quod
566 3337 610 3402 ad
629 3338 871 3421 perficiendam
886 3337 1103 3420 purgationis
1119 3357 1192 3402 suae
1214 3338 1287 3420 ple-

337 3435 528 3500 nitudinem
546 3439 663 3502 omnia
681 3439 775 3502 illius
797 3439 865 3502 laci
887 3456 908 3501 a
925 3438 1095 3521 principio
1113 3439 1286 3520 usquead

337 3533 439 3598 tinem
459 3557 636 3619 permeare
655 3540 771 3621 spatia
792 3539 1016 3620 cogebantur.
1056 3537 1216 3602 Maxima
1233 3531 1291 3602 ta-‘

336 3653 415 3697 men
440 3643 475 3699 et
499 3637 719 3703 multiformis
741 3646 817 3703 erat
845 3638 894 3703 ibi
916 3637 1121 3701 afflictorum
1143 3637 1286 3702 distinc-

336 3733 399 3810 tio,
421 3735 504 3817 quia
528 3737 605 3801 istis
628 3737 737 3802 levior
761 3746 797 3802 et
823 3731 922 3804 ocior'
944 3737 1200 3827 indulgebatur,
1222 3757 1286 3819 pro

335 3834 535 3899 meritorum
558 3838 728 3920 qualitate
750 3844 785 3901 et
809 3837 1015 3900 collatorum
1039 3836 1106 3901 sibi
1126 3844 1207 3919 post
1231 3836 1285 3901 fu-

335 3952 419 3996 nera
446 3935 689 4000 beneficiorum
717 3936 923 4017 quantitate,
942 3937 1122 4014 transitus,
1150 3943 1186 4000 et
1210 3957 1284 4000 ma-

329 4031 466 4116 joribus
486 4034 628 4098 obnoxii
646 4036 803 4099 reatibus
826 4043 861 4106 ct
879 4037 1149 4100 restrictioribus
1173 4036 1285 4120 adjuti

333 4132 493 4197 remediis
522 4134 691 4216 supplicio
718 4136 869 4215 graviori
896 4143 931 4199 et
957 4135 1091 4201 diutino
1121 4138 1285 4205 tenebam
