2858 4876
428 413 567 463 monus
590 414 859 467 maronianum,
1052 405 1119 470 377

169 575 249 656 gliae
264 580 448 657 antequam
466 594 611 657 regnum
633 575 717 640 illud
740 584 833 642 esset
849 577 978 642 domini
994 600 1095 664 papae
1108 602 1117 663 3
1129 601 1253 692 &etiaim

168 674 228 738 sed
256 674 299 737 de
325 693 432 757 regno
456 674 594 756 Angliae
619 676 714 739 venit
737 670 950 743 ¹Willelmus
977 679 1116 763 Longa·
1129 704 1240 744 offerente

168 774 290 857 spada,
312 775 469 839 etmulti
494 775 554 839 alii
582 795 660 839 cum
683 794 737 854 ec,
760 778 796 841 in
819 797 924 843 manu
944 780 1060 846 valida
1083 753 1270 854 etilidil‘ol'*

167 883 313 951 armata,
333 876 393 956 qui
419 875 544 939 damna
570 876 680 940 multa
705 883 741 940 et
758 877 903 961 injurias
928 880 1119 948 intulerunt
1129 856 1194 896 '⁰¹¹³'

167 975 306 1039 domino
327 973 512 1040 Lodowico
533 976 570 1039 in
594 982 687 1039 terra
714 996 778 1041 sua
805 980 958 1062 propria,
980 987 1016 1046 et
1040 982 1118 1048 ideo

167 1075 326 1138 dominus
339 1081 459 1139 noster
471 1082 587 1157 potest
598 1096 736 1141 movere
747 1076 882 1160 justum
898 1079 1026 1144 bellum
1037 1101 1119 1146 con·

167 1183 222 1240 tra
235 1195 350 1257 regem
364 1174 584 1257 Anglorum.'
616 1173 674 1239 Ad
688 1175 763 1240 haec
786 1197 878 1260 papa
900 1179 1002 1258 dixit,
1024 1183 1118 1264 quod

167 1276 249 1340 licet
272 1295 335 1339 rex
352 1274 492 1357 Angliae
511 1275 659 1340 moverit
678 1277 804 1342 bellum
828 1277 1026 1357 Lodowico,
1046 1301 1117 1346 non

167 1377 241 1459 ipse
261 1383 378 1439 tamen
402 1376 542 1441 deberet
565 1377 597 1439 ei
623 1396 760 1441 movere
788 1395 945 1455 werram,
971 1381 1032 1444 sed
1056 1381 1116 1446 de·

167 1477 263 1539 beret
290 1476 454 1558 conqueri
478 1476 617 1540 domino
641 1479 822 1560 superiori,
848 1479 980 1545 scilicet
1001 1500 1116 1563 papae,

167 1577 221 1640 cui
251 1576 370 1640 subest
395 1595 459 1639 rex
479 1574 618 1657 Angliae
651 1585 816 1660 tanquam
845 1579 1000 1644 vasallus
1028 1581 1115 1665 ejus.

166 1674 223 1741 Ad
255 1675 330 1740 haec
357 1677 469 1740 nuntii
497 1677 760 1758 responderunt,
782 1678 875 1761 quod
902 1682 1117 1748 consuetudo

166 1783 230 1854 est,
253 1795 298 1840 ex
321 1797 390 1859 quo
413 1776 539 1859 aliquis
554 1777 708 1840 vasallus
730 1777 873 1842 alterius
895 1787 1012 1845 movet
1028 1801 1115 1846 wer-

167 1895 240 1941 ram
270 1878 374 1942 alicui
408 1875 617 1940 auctoritate
647 1895 721 1955 sua,
746 1877 818 1957 ille,
849 1879 905 1942 cni
935 1888 1031 1945 mota
1061 1891 1116 1948 est

167 1997 289 2055 werra,
311 1984 427 2059 potest
449 1976 481 2040 ei
499 1994 638 2041 movere
654 1996 799 2042 werram
817 1980 1023 2045 auctoritate
1038 2000 1115 2059 sua,

167 2098 229 2142 nec
246 2086 383 2142 tenetur
400 2076 564 2161 conqueri
583 2077 723 2142 domino
745 2078 838 2142 illius
854 2098 863 2159 3
888 2086 935 2157 et,
958 2081 988 2144 si
1006 2080 1116 2145 domi·

166 2197 230 2241 nus
249 2179 324 2243 vult
339 2177 520 2242 defendere
542 2178 711 2242 vasallum
733 2197 834 2242 suum
857 2181 1021 2261 quamdiu
1043 2200 1115 2245 mo·

166 2287 225 2343 vet
246 2278 350 2343 talem
375 2296 534 2354 werram,
563 2278 638 2360 ipse
662 2278 821 2343 dominus
848 2280 975 2344 dicitur
1001 2281 1115 2346 facere

166 2398 322 2442 werram.
369 2378 458 2443 Item
473 2378 557 2443 dicit
575 2397 677 2461 papa,
695 2379 786 2462 quod
802 2380 839 2442 in
855 2381 1009 2462 generali
1030 2400 1113 2445 con·

165 2478 243 2543 cilio
258 2485 429 2543 statutum
447 2484 512 2556 est,
529 2478 622 2561 quod
636 2480 727 2543 inter
742 2499 860 2543 omnes
876 2479 1114 2545 discordantes

165 2579 268 2643 debet
283 2598 358 2643 esse
374 2598 446 2662 pax
461 2578 517 2643 vel
533 2586 657 2660 treuga
679 2598 789 2661 usque
812 2579 856 2644 ad
878 2587 1029 2662 quatuor
1051 2600 1113 2645 an·

166 2697 229 2742 nos
260 2698 323 2761 pro
350 2697 513 2743 succursu
549 2685 650 2743 terrae
683 2686 826 2758 sanctae,
858 2686 894 2744 et
916 2679 994 2745 ideo
1024 2688 1112 2746 tem·

165 2798 248 2861 pore
270 2778 382 2847 medio
406 2778 611 2845 Lodowicus
634 2800 705 2844 non
731 2781 833 2846 debet
850 2800 957 2864 regno
974 2778 1114 2865 Angliae

165 2898 309 2943 werram
321 2898 471 2943 movere.
500 2877 625 2943 Nuntii
634 2880 809 2958 dixerunt,
819 2882 910 2963 quod
925 2882 961 2945 in
976 2901 1114 2947 recessu

166 2999 229 3043 suo
245 2999 267 3043 a
284 2979 435 3043 Francia
451 2978 657 3044 Lodowicus
679 2999 748 3043 non
769 2979 836 3043 fuit
859 2981 1045 3063 requisitus
1071 2981 1114 3045 de

166 3099 251 3162 pace
265 3080 321 3144 vel
344 3087 488 3160 treuga3
512 3084 559 3156 et,
576 3079 606 3141 si
629 3079 816 3162 requisitus
838 3086 941 3157 esset,
960 3079 1113 3144 credide·

165 3187 247 3244 runt
270 3186 404 3244 tantam
430 3197 506 3243 esse
534 3179 700 3243 malitiam
725 3178 817 3260 regis
840 3175 991 3261 Angliae,
1021 3178 1114 3263 quod

165 3280 275 3344 noluit
290 3299 376 3363 pace
393 3280 450 3344 vel
467 3286 590 3360 treuga
605 3277 766 3360 gaudere.
807 3277 897 3341 Item
911 3277 995 3342 dicit
1009 3284 1116 3362 papa,

164 3381 257 3463 quod
279 3400 343 3445 rex
369 3378 507 3461 Angliae
530 3397 632 3443 cruce
658 3379 816 3460 signatus
841 3384 916 3458 est;
940 3377 1044 3457 unde,
1069 3398 1117 3445 ex

165 3479 411 3544 constitutione
430 3478 602 3562 generalis
618 3477 766 3556 concilii,
779 3478 854 3560 ipse
871 3497 934 3542 rex
949 3484 985 3543 et
1000 3479 1115 3545 omnia

166 3598 230 3643 sua
257 3579 384 3644 debent
411 3597 486 3643 esse
511 3579 576 3643 sub
604 3578 817 3665 protectione
844 3579 1011 3644 ccclesiae.
1056 3579 1115 3645 Ad

165 3681 231 3744 hoc
254 3679 367 3744 nuntii
390 3678 653 3762 responderunt,
673 3678 764 3762 quod
790 3697 853 3742 rex
873 3677 1012 3761 Angliae
1034 3686 1115 3744 ante

164 3799 300 3843 crucem
315 3786 487 3861 sumptam
505 3767 648 3844 werram
671 3787 828 3844 moverat
843 3778 983 3843 domino
1002 3778 1116 3842 Lodo-

211 3945 374 3999 ¹Willelmae
408 3948 576 4012 Loogurpudu.
613 3947 624 4011 ]
651 3961 708 3995 nem
730 3961 814 4008 regem
837 3961 896 3995 cum
921 3945 1005 4007 ipsius
1027 3958 1115 4009 uxore¹
1154 3958 1157 3963 ·

166 4019 324 4068 ‘Transtulit
338 4032 365 4067 se
383 4019 417 4068 ad
432 4023 529 4080 partem
542 4017 627 4065 Ludo·
651 4022 726 4078 rupto
749 4017 846 4066 foedere
867 4015 987 4075 naturali,
1013 4015 1116 4063 commi-

164 4092 214 4140 rici
232 4094 259 4139 et
275 4103 333 4137 eum
346 4090 415 4150 juvit
431 4089 479 4138 hac
498 4088 553 4136 sola
570 4102 627 4149 spe·
652 4089 714 4137 sisse
737 4088 871 4148 incestum,
892 4087 953 4135 dnm
976 4085 1031 4145 ipre
1048 4089 1116 4133 esset
1177 4128 1180 4135 .

164 4161 223 4210 ciali
238 4173 318 4208 cansa
329 4159 432 4218 ductus,
442 4159 503 4219 quia
518 4157 543 4205 ei
560 4161 627 4205 certo
651 4159 677 4206 in
689 4157 798 4206 Francia
815 4157 910 4207 carceri
927 4153 1115 4218 mancipatue;’

163 4230 277 4279 innotuit
299 4229 415 4292 relatore,
437 4229 532 4277 dictum
550 4227 628 4276 Joan·
653 4228 734 4291 Brito,
745 4241 772 4287 p.
784 4229 842 4277 110.
