2858 4876
392 415 531 463 FLORES
556 415 826 464 HISTORIARUM.
1018 400 1084 465 373

135 592 224 650 mue,
255 575 346 656 quod
377 575 451 657 ipse
479 575 515 639 in
544 575 702 639 omuibus
732 573 995 639 necessitatibus
1023 573 1083 637 de·
1096 591 1152 633 nn.
1165 594 1221 634 mr.

135 673 215 736 beat
232 693 307 739 esse
331 675 522 753 brachium,
544 675 708 739 solatium
730 675 766 738 in
790 672 1085 757 oppressionibus

135 781 171 837 et
193 774 363 856 refugium
386 776 421 839 in
449 776 743 858 persecutionibus
769 775 924 838 ecclesiae
953 774 1085 838 Roma·

136 874 215 937 noe.’
267 875 313 940 Et
334 876 370 939 in
393 876 461 939 fine
485 875 586 953 dixit,
604 875 696 959 quod
719 875 841 938 melius
859 874 963 938 vellet
985 875 1084 955 mori,

134 993 238 1056 quam
270 975 411 1058 aliquod
444 977 572 1040 malum
606 976 704 1040 vobis
741 975 912 1039 accideret
944 974 981 1037 in
1018 973 1084 1039 hoc

134 1072 256 1153 sacto;
291 1082 326 1140 et
356 1077 406 1140 sic
442 1076 502 1140 illo
539 1075 594 1140 die
625 1077 840 1140 recessimus.
907 1072 1084 1140 Praeterea

135 1173 177 1237 de
200 1175 343 1240 consilio
364 1176 578 1259 quorundam
597 1175 822 1257 cardinalium
841 1182 1083 1257 exspectamus

135 1274 225 1337 diem
247 1274 480 1351 Ascensionis,
503 1296 546 1341 ne
567 1283 743 1340 statuatur
765 1283 888 1341 contra
904 1294 980 1352 vos,
998 1294 1084 1357 quo·

136 1375 228 1438 niam
263 1376 318 1440 die
347 1377 408 1441 illo
440 1378 530 1441 solet
561 1395 653 1458 papa
690 1376 856 1440 innovare
892 1375 1082 1439 sententias

134 1493 239 1555 suas;
271 1476 409 1541 dixerat
430 1477 520 1541 euim
548 1477 646 1541 nobis
673 1493 776 1558 papa,
799 1475 892 1558 quod
917 1475 993 1558 ipse
1020 1494 1082 1538 ex·

133 1583 306 1657 spectaret
323 1577 464 1641 nuntios
481 1576 609 1641 domini
623 1575 794 1641 Walonis.
840 1574 991 1640 Velete.’

134 1750 204 1814 Hic
212 1763 376 1837 portaretur
391 1755 564 1841 objectiones
580 1757 740 1822 Lodowioi
753 1766 781 1822 et
795 1754 944 1821 baronum
958 1755 1084 1843 nuptie

399 1867 466 1922 cont
466 1880 505 1921 ra
521 1879 618 1944 repam
632 1857 814 1921 Jotamam.

186 1976 304 2043 Prima
335 1980 527 2063 propositio
555 1989 677 2046 contra
706 2000 822 2063 regem
851 1978 990 2062 Angliae
1017 1980 1084 2044 furt
1095 1994 1203 2086 wgo

134 2078 169 2140 in
192 2080 380 2160 praesentia
402 2081 531 2147 domini
553 2103 654 2166 papae
672 2102 694 2146 a
712 2080 843 2145 nuntiis
862 2081 1082 2162 supradictis,
1095 2096 1133 2185 3¹13
1132 2096 1236 2186 Μῶν

133 2178 225 2260 quod
253 2177 446 2245 Arthurum
473 2191 633 2265 nepotem
664 2202 765 2246 suum
793 2182 942 2294 propriis
973 2182 1084 2246 mani·
1068 2158 1160 2237 -inhn
1210 2156 1224 2196 ⁸

133 2278 198 2341 bus
226 2299 288 2362 per
315 2281 544 2364 proditionem
572 2283 757 2361 interfecit,
782 2281 932 2365 pessimo
962 2282 1082 2346 mortis

134 2397 271 2460 genere,
305 2381 397 2463 quod
427 2380 535 2465 Angli
567 2383 742 2446 murdrum
774 2381 978 2463 appellant;
1019 2401 1082 2464 pro

135 2498 203 2561 quo
232 2479 325 2544 facto
356 2481 446 2545 idem
474 2502 537 2547 rex
565 2483 813 2546 condemnatus
836 2481 902 2557 ¹suit
925 2480 967 2544 ad
991 2501 1082 2545 mor-

134 2584 202 2642 tem
245 2581 282 2643 in
319 2582 415 2646 curia
453 2584 544 2665 regis
578 2583 790 2647 Francorum
823 2601 885 2663 per
913 2581 1083 2666 judicium

132 2680 265 2761 parium
289 2699 442 2747 suorum.
493 2683 549 2749 Ad
572 2683 661 2747 hanc
686 2681 914 2765 objectionem
938 2683 1083 2765 opponit

133 2780 290 2845 dominus
319 2801 423 2866 papa,
448 2784 539 2866 quod
569 2785 716 2848 barones
747 2782 904 2846 Franciae
928 2802 997 2846 uon
1022 2802 1084 2864 po-

136 2886 277 2945 tuerunt
297 2882 455 2966 judicare
484 2903 562 2948 eum
594 2884 637 2948 ad
663 2889 821 2957 mortem,
848 2883 929 2965 quia
951 2882 997 2947 sit
1018 2902 1082 2947 rex

133 2979 296 3045 inunctus
321 2991 357 3047 et
382 2984 434 3048 ita
455 2983 502 3048 sit
526 2985 705 3066 superior;
738 3002 800 3065 per
822 2982 982 3058 barones,
1005 2989 1082 3046 tan-

134 3098 236 3162 quam
256 3082 445 3161 inferioreS,
468 3104 537 3148 non
562 3085 676 3166 potuit
693 3083 738 3146 ad
755 3089 900 3145 mortem
922 3082 1083 3148 condem·

134 3181 222 3257 nari,
249 3184 332 3264 quia
359 3183 471 3266 major
500 3183 653 3265 dignitas
680 3180 933 3265 quodammodo
962 3182 1082 3245 absor-

133 3281 191 3344 bet
221 3283 399 3361 minorem,
429 3292 464 3348 et
500 3291 669 3367 praeterea
705 3281 845 3345 incivile
877 3280 1014 3345 videtur
1047 3288 1083 3345 et

133 3386 257 3444 contra
278 3402 428 3447 canones
448 3402 534 3461 esse,
558 3385 592 3446 in
613 3383 783 3447 hominem
804 3381 994 3458 absentem,
1011 3400 1082 3446 non

133 3490 308 3560 vocatum,
328 3502 398 3547 non
420 3484 627 3561 convictum,
645 3502 708 3546 nec
731 3481 938 3559 consessum,
960 3480 1084 3547 mortis

133 3580 221 3645 ferre
242 3584 460 3647 sententiam.
515 3582 571 3648 Ad
592 3585 657 3649 hoc
684 3581 797 3646 nuntii
815 3580 1004 3663 supradicti
1027 3599 1082 3644 re·

132 3681 357 3764 sponderunt,
386 3683 634 3748 ‘Consuetudo
658 3690 712 3748 est
734 3683 770 3746 in
792 3700 899 3762 regno
929 3680 1082 3745 Franco·

132 3800 220 3858 rum,
239 3783 330 3865 quod
351 3804 415 3846 rex
438 3783 543 3848 habet
559 3781 789 3846 omnimodam
804 3779 1082 3862 jurisdictionem

132 3879 168 3944 in
193 3881 348 3947 homines
368 3903 449 3948 suos
467 3884 591 3965 ligios;
615 3888 650 3944 et
667 3898 728 3942 rex
746 3877 885 3960 Angliae
907 3883 982 3941 erat
997 3896 1081 3943 suus

132 3978 234 4047 homo
255 3984 371 4067 ligius,
395 3992 561 4066 tanquam
582 3999 695 4045 comes
715 3985 751 4043 et
766 3978 859 4058 dux;
886 3995 982 4058 ergo,
1000 3977 1082 4042 licet

132 4090 225 4147 esset
246 4084 334 4148 alias
357 4105 420 4149 rex
447 4085 621 4158 inunctus,
645 4087 760 4144 tamen
783 4085 948 4160 tanquam
966 4094 1080 4140 comes

132 4189 167 4246 et
185 4185 257 4249 dux
280 4192 354 4249 erat
376 4185 418 4249 de
436 4182 677 4267 jurisdictione
702 4178 830 4245 domini
853 4175 944 4259 regis
968 4176 1082 4243 Fran„
