2858 4876
335 383 399 448 170
590 402 723 449 nocam
747 403 794 450 nn
818 403 1025 451 wnunovna

172 593 227 633 M).
240 593 294 632 1202,
335 561 387 623 nis
405 560 489 636 suiS,
512 580 573 642 per
595 560 669 625 dies
691 559 885 643 quindecim
907 561 1135 644 petrariarum
1159 580 1222 624 usu
1247 566 1283 623 et

333 660 537 724 balistarum
567 679 685 725 muros
712 661 901 726 dissolvere
931 662 1126 740 laboravit3
1159 659 1285 724 inclusi

333 780 353 824 e
368 762 543 825 contrario
558 761 704 826 viriliter
727 762 926 827 resistentes
941 763 1062 827 crebra
1076 761 1231 844 lapidum
1248 766 1284 824 et

336 861 481 925 telorum
505 863 687 926 emissione
703 861 821 926 hostes
846 863 985 945 longius
1010 881 1129 926 arcere
1146 861 1283 925 instite-

333 968 427 1038 runt,
450 961 523 1039 sod,
549 981 626 1024 cum
653 963 792 1026 tandem
814 962 857 1027 de
876 963 1038 1047 captione
1055 961 1202 1026 Artburi
1227 980 1284 1025 so-

333 1061 532 1143 ciorumque
553 1062 662 1145 ipsius
685 1082 801 1126 rumor
820 1064 864 1127 ad
890 1076 992 1128 aures
1014 1062 1106 1145 regis
1130 1062 1284 1126 Franco-

334 1181 410 1227 rum
436 1162 663 1243 pervolasset,
686 1165 751 1227 sub
769 1164 923 1229 maxima
939 1164 1116 1228 celeritate
1130 1163 1175 1228 ab
1191 1162 1283 1227 obsi·

334 1260 436 1325 dione
461 1261 664 1327 furibundus
684 1263 838 1329 recessit.
890 1263 933 1327 In
960 1284 1030 1346 quo
1052 1282 1200 1328 recessu
1218 1263 1286 1326 sibi

334 1363 437 1426 obvia
459 1382 606 1446 quaeque
628 1363 839 1428 conterendo
860 1364 964 1429 simul
986 1371 1021 1428 at
1038 1364 1118 1446 igne
1143 1365 1285 1428 combu-

334 1462 441 1526 rendo
466 1463 691 1547 consumpsit,
713 1465 863 1529 virorum
886 1464 1125 1547 religiosorum
1146 1483 1284 1528 monas·

335 1563 423 1627 teria
445 1562 592 1627 flammis
614 1564 884 1629 discurrentibus
906 1565 943 1628 in
966 1563 1105 1630 favillas
1127 1563 1284 1646 redegit3

334 1662 456 1727 deinde
478 1662 634 1728 Parisius
651 1665 793 1729 veniens
816 1665 991 1728 residuum
1013 1665 1095 1729 anni
1109 1664 1203 1728 illius
1220 1663 1285 1727 im-

334 1762 434 1826 bellis
451 1763 597 1846 peregit.

476 1938 518 2002 Ut
533 1939 707 2017 Artlurus,
723 1960 817 2005 comes
832 1938 1025 2017 Britannia,
1041 1935 1160 2003 obierit.

173 2083 275 2122 neutros
385 2062 515 2145 Elapso
541 2063 664 2126 deinde
688 2063 806 2147 aliquo
831 2070 997 2145 tempore,
1024 2083 1086 2128 rex
1103 2061 1126 2126 J
1130 2062 1284 2127 ohannes

172 2135 258 2223 illi.
335 2162 379 2227 ad
401 2170 553 2227 castrum
575 2164 722 2229 Falesiae
738 2164 879 2229 veniens
902 2163 984 2229 fecit
1005 2164 1072 2228 sibi
1092 2163 1284 2228 Arthurum

335 2270 495 2345 nepotem
510 2283 612 2327 suum
633 2264 857 2345 praesentari3
880 2263 942 2346 qui
962 2284 1042 2328 cum
1057 2271 1152 2328 esset
1169 2282 1286 2328 coram
1350 2316 1353 2320 .

335 2382 376 2427 eo
392 2363 574 2441 adductus,
594 2364 702 2446 coepit
724 2383 803 2427 eum
826 2384 887 2429 rex
910 2365 1047 2428 blandis
1063 2364 1193 2446 alloqui
1208 2384 1286 2428 ver-

334 2463 387 2527 bis
403 2471 437 2528 et
453 2465 580 2528 multos
596 2464 745 2528 honores
761 2465 974 2548 promittere,
989 2464 1190 2541 exhortans,
1207 2472 1247 2530 ut
1264 2484 1286 2528 a

335 2583 416 2644 rege
444 2565 656 2646 Francorum
682 2565 856 2629 recederet
875 2571 911 2629 et
936 2565 1003 2629 sibi
1029 2571 1069 2628 ut
1094 2563 1233 2629 domino
1250 2572 1286 2629 et

333 2664 505 2727 avunculo
517 2663 664 2729 fideliter
675 2663 878 2733 adhaereret.
909 2662 1285 2742 Artburusvero,stul·

333 2770 370 2825 to
385 2782 469 2826 usus
486 2764 643 2841 consilio,
658 2765 733 2847 regi
748 2785 826 2829 cum
842 2763 1080 2847 indignatione
1093 2772 1129 2829 et
1145 2767 1284 2829 commi-

333 2863 472 2928 natione
484 2865 695 2947 respondens
707 2864 837 2947 exegit,
847 2872 886 2929 ut
897 2864 1054 2929 redderet
1063 2865 1130 2929 sibi
1140 2885 1285 2947 regnum

334 2960 486 3044 Angliae,
504 2984 582 3027 cum
600 2966 700 3029 terris
716 2966 886 3041 omnibus,
902 2984 989 3048 quas
1006 2985 1069 3028 rex
1088 2965 1285 3030 Richardus
1314 2948 1320 2959 ¹

334 3063 454 3127 babuit
475 3065 511 3128 in
536 3066 754 3147 possessione
776 3084 840 3129 sua
861 3064 917 3130 die
940 3085 1008 3148 quo
1032 3064 1202 3145 decessit3
1234 3074 1286 3144 et,
1323 3049 1332 3062 ⁶

335 3164 416 3245 quia
441 3163 514 3228 baec
542 3165 657 3228 omnia
676 3165 741 3229 sibi
759 3165 840 3249 jure
865 3164 1086 3229 haereditario
1111 3166 1284 3230 debeban-

335 3270 404 3339 tur,
424 3263 608 3329 affirmavit
623 3284 699 3327 cum
711 3264 922 3351 juramento,
940 3265 1042 3347 quod,
1058 3265 1124 3328 nisi
1139 3266 1284 3329 celerius

335 3362 398 3426 sibi
418 3363 493 3446 Jam
521 3363 613 3429 dicta
639 3367 756 3429 omnia
777 3366 986 3443 restitueret,
1010 3384 1185 3446 nunquam
1210 3365 1286 3428 diu-

336 3464 411 3526 tina
426 3482 511 3546 pace
527 3463 709 3529 frueretur.
743 3463 899 3530 Audiens
919 3473 1036 3530 autem
1053 3464 1128 3529 haec
1142 3485 1206 3528 rex
1222 3464 1245 3530 J
1248 3485 1286 3529 0-

335 3561 467 3627 hannos
482 3565 701 3647 perturbatus
720 3572 773 3628 est
788 3564 902 3642 valde,
917 3564 1152 3648 praecepitque
1167 3573 1206 3629 ut
1217 3564 1284 3629 Ar·

336 3663 459 3727 thurus
492 3664 583 3747 apud
612 3665 872 3747 Rotbomagum
897 3667 1092 3731 mitteretur
1115 3671 1151 3728 et
1177 3664 1225 3729 ibi
1249 3667 1285 3729 in

335 3782 414 3826 arce
443 3784 534 3828 nova
555 3773 710 3830 retrusus
733 3766 797 3828 sub
821 3765 961 3830 arctiori
985 3763 1143 3829 custodia
1165 3784 1285 3830 serva·

335 3872 431 3926 retur
445 3884 454 3943 ;
476 3865 537 3927 sed
554 3885 622 3929 non
639 3864 749 3930 multo
763 3872 842 3948 post
859 3865 949 3930 idem
966 3859 1152 3931 ¹Arthurus
1170 3866 1287 3931 subito

371 4064 597 4116 ¹1lrtbururaubr'to
605 4062 725 4136 monuit]
737 4067 800 4129 Tyr·
825 4067 941 4116 different
968 4072 1088 4116 accounts
1115 4066 1144 4115 of
1170 4066 1287 4122 Arthur‘s

334 4138 381 4186 rell
397 4137 442 4186 has
460 4138 581 4186 collected
596 4137 657 4186 from
675 4137 716 4186 the
730 4138 798 4199 Eng-
825 4136 910 4186 death.
946 4138 993 4186 See
1005 4137 1060 4186 that
1070 4138 1104 4198 by
1118 4136 1288 4206 Coggcshale,

315 4207 384 4265 ‚lish
406 4208 456 4256 and
480 4208 577 4257 Frcncb
597 4208 732 4282 historiens
755 4208 797 4257 the
824 4207 940 4259 llec.·des
952 4207 1021 4258 Hist.
1033 4207 1104 4257 xviii.
1116 4222 1142 4268 p.
1154 4211 1196 4259 ⁹6.
