2858 4876
350 417 416 485 338
609 429 743 479 noennr
768 429 815 477 nn
838 427 1046 477 wnunovna

189 611 312 651 nonu.
350 591 412 675 qui
433 609 496 656 suo
519 588 687 671 superiori
707 588 845 653 obedire
864 593 1100 653 contemnunt
1155 585 1212 651 Nc
1232 587 1301 668 igi·

351 700 409 756 tur
445 689 647 754 mandatum
679 697 835 753 nostrum
869 687 1156 770 tergiversatione
1184 686 1303 770 cujus-

350 810 455 875 quam
480 790 597 855 valeat
623 789 792 871 impediri,
822 786 1191 855 excommunicationis
1219 806 1302 851 cau·

350 911 425 956 sam
445 890 701 975 praedictorum,
720 909 800 953 eum
822 889 956 955 caeteris
978 909 1057 972 quae
1081 887 1126 952 ad
1149 888 1216 952 hoc
1238 907 1301 950 ne·

351 991 483 1073 gotium
507 990 747 1074 pertinuerint,
770 990 869 1055 vobis
896 989 1059 1053 duximus
1082 988 1302 1055 committen-

351 1090 459 1171 dum3
493 1111 555 1172 per
580 1089 772 1174 apostolica
794 1090 894 1155 vobis
923 1090 1054 1172 scripta
1082 1089 1300 1165 mandantes,
1386 1126 1388 1130 -

350 1199 523 1273 quatenns
541 1191 711 1273 protinus,
728 1191 822 1254 omni
842 1190 1076 1272 appellatione
1093 1189 1301 1273 postposita,

350 1291 546 1374 procedatis
575 1291 667 1354 sicut
694 1291 850 1355 videritis
888 1290 1064 1373 expedire.
1138 1287 1243 1368 Quod
1272 1288 1303 1350 si

352 1412 421 1456 non
438 1388 578 1467 omnes?
595 1397 630 1454 et
645 1397 784 1454 caetera.

415 1565 465 1628 De
479 1563 618 1629 electione
631 1564 775 1650 maqistrt'
789 1564 924 1628 Simonis
939 1563 976 1628 de
992 1564 1177 1651 Lanpetuna
1192 1564 1239 1628 ad

624 1665 779 1729 ecclesium
793 1664 1022 1729 Eboracensem.

188 1810 315 1910 3333an
416 1790 518 1855 Circa
543 1790 616 1854 dies
644 1791 730 1854 istos
753 1791 910 1855 canonici
935 1791 1164 1854 Eboracensis
1190 1789 1301 1854 eccle-

188 1910 327 2000 {diffidi
352 1891 426 1968 siae,
452 1892 561 1955 multo
583 1891 657 1974 jam
679 1898 832 1973 tempore
859 1898 998 1974 pastore
1022 1889 1168 1967 viduati,
1192 1891 1301 1972 impe-

187 2010 315 2059 nmnonto
353 1998 445 2055 trata
473 2011 496 2055 a
522 2010 603 2072 rege
629 1991 780 2066 licentia,
805 1991 849 2054 ad
876 1991 1079 2055 electionem
1107 1989 1301 2054 faciendam

189 2061 302 2151 ‘thirifw‘
352 2092 482 2174 pariter
513 2099 772 2170 convenerunt3
815 2097 851 2155 et
882 2091 965 2154 licet
992 2091 1110 2153 multis
1140 2091 1301 2172 precibus

351 2190 499 2255 fuissent
516 2211 538 2254 a
555 2210 635 2272 rege
652 2191 779 2273 rogati,
794 2198 833 2254 ut
843 2191 1039 2255 Walterum
1055 2191 1097 2255 de
1116 2190 1214 2267 Grai,
1226 2190 1301 2255 Wi-

352 2291 570 2373 gorniensem
593 2292 804 2373 episcopum,
826 2292 892 2355 sibi
922 2292 1137 2373 susciperent
1158 2292 1196 2354 in
1222 2309 1300 2373 pas-

353 2398 473 2468 torem,
501 2399 716 2475 repugnante
735 2400 850 2456 tamen
868 2391 1085 2466 illiteratura,
1106 2392 1220 2474 ipsum
1238 2391 1300 2455 eli·

352 2511 433 2573 gere
466 2491 686 2568 distulerunt,
713 2499 939 2556 veruntamen
965 2493 1001 2554 in
1029 2493 1195 2556 electione
1219 2512 1301 2573 pro·

352 2592 513 2656 cedentes
534 2593 712 2673 elegerunt
730 2593 932 2673 magistrum
957 2592 1129 2656 Simonem
1146 2591 1189 2655 de
1209 2592 1303 2656 Lan·

351 2698 491 2773 getcna‚
504 2692 646 2756 fratrem
666 2693 916 2775 archiepiscopi
932 2691 1205 2769 cantuariensiS,
1225 2713 1300 2776 spe-

351 2798 469 2854 rantes
501 2797 643 2873 propter
676 2792 751 2877 ejus
784 2793 963 2857 scientiam
991 2791 1145 2856 favorem
1176 2793 1302 2856 summi

351 2890 524 2971 pontificis
553 2892 718 2956 obtinere.
779 2892 859 2969 Sed,
885 2913 962 2957 cum
984 2891 1078 2956 facta
1105 2893 1228 2957 electio
1255 2894 1300 2958 ad

351 2991 443 3071 regis
474 2990 684 3054 audientiam
715 2993 941 3074 pervenisset,
970 2993 1063 3056 misit
1087 2995 1227 3057 nuntios
1255 2994 1300 3058 ad

351 3091 483 3153 curiam
518 3091 726 3170 Romanam,
759 3093 819 3175 qui
861 3101 983 3157 contra
1024 3092 1228 3177 electionem
1263 3096 1301 3158 in

350 3192 537 3272 praesentia
563 3191 693 3255 domini
722 3212 822 3275 papae
852 3194 1072 3275 exceptiones
1102 3180 1302 3278 hujusmodi

351 3290 591 3372 induxerunt3
631 3292 830 3374 allegabant
869 3295 958 3356 enim
1002 3292 1301 3378 archiepiscopum

353 3389 637 3456 cantuariensem
658 3393 750 3474 regis
773 3392 910 3475 Angliae
932 3394 1066 3457 hostem
1089 3412 1165 3457 esse
1186 3396 1301 3478 publi·

352 3510 442 3568 curn,
472 3493 592 3575 utqui
616 3494 803 3556 baronibus
822 3491 962 3575 Angliae
985 3494 1196 3557 incentivum
1219 3515 1302 3560 con-

352 3598 408 3654 tra
429 3610 545 3673 regem
576 3592 721 3656 eundem
743 3594 891 3676 praebuit
914 3602 949 3658 et
968 3613 1186 3672 consensum,
1209 3597 1302 3661 unde

352 3690 382 3754 si
414 3690 527 3755 dictus
560 3690 691 3768 Simon,
726 3693 785 3776 qui
821 3693 929 3758 irater
964 3701 1018 3757 est
1051 3694 1302 3780 archiepiscopi

351 3792 544 3869 memorati,
588 3792 631 3855 ad
675 3793 1008 3878 archiepiscopatum
1048 3793 1303 3860 Eboracensem

351 3898 623 3973 promoveretur,
645 3913 716 3974 pax
740 3895 832 3975 regis
855 3902 890 3959 et
912 3895 1011 3976 regni
1031 3894 1090 3957 diu
1114 3902 1208 3959 stare
1231 3917 1303 3962 non

255 4010 257 4015 ’
351 3993 491 4074 poterit.
544 3991 633 4055 Haec
662 3993 781 4076 itaque
813 4002 848 4058 et
877 3995 1002 4059 similia
1030 3994 1223 4077 allegantes
1250 3999 1304 4061 in-

350 4092 530 4157 commoda
555 4111 681 4175 papam
706 4095 750 4158 ad
773 4114 977 4160 consensum
1005 4095 1144 4177 penitus
1172 4097 1300 4162 indux-
