2858 4876
336 403 403 466 230
593 421 726 468 noorai
751 422 798 468 nn
821 420 1027 470 wnuoovmt

178 592 301 630 anno.
340 577 537 653 commovit,
562 577 653 640 dixit
673 578 774 640 enim
804 575 890 640 illud
921 574 1081 658 generale
1113 573 1290 655 flagellum

339 673 479 759 Angliae
495 696 565 739 non
581 695 626 740 ex
641 677 745 759 culpa
758 677 851 758 regis
865 675 925 740 sed
939 695 984 740 ex
1000 675 1217 738 subditorum
1230 673 1291 737 fla-

340 777 435 858 gitiis
457 777 679 859 provenisse3
707 775 890 840 affirmavit
912 776 1016 840 etiam
1037 776 1150 859 ipsum
1173 793 1292 855 regem

340 877 474 956 virgam
489 895 565 940 esse
584 875 710 940 furoris
730 877 884 952 Domini,
907 883 941 940 et
959 874 1084 939 adhoc
1100 875 1291 957 principem

340 977 578 1052 constitutum,
596 982 635 1039 ut
653 983 753 1058 regat
769 975 917 1059 populos
937 975 1092 1057 aliosque
1114 973 1291 1057 subjectos

340 1076 376 1139 in
397 1077 497 1157 virga
520 1075 632 1139 ferrea
651 1082 686 1139 et
707 1083 871 1158 tanquam
890 1094 954 1139 vas
976 1074 1075 1156 figuli
1095 1073 1292 1154 confringat

340 1177 533 1252 universos,
566 1176 610 1239 ad
637 1175 831 1257 alligandos
863 1181 1022 1258 potentes
1055 1175 1091 1237 in
1119 1173 1293 1255 compedi-

340 1276 405 1339 bus
428 1283 463 1339 et
486 1276 617 1339 nobiles
640 1294 722 1339 suos
741 1276 778 1338 in
800 1274 946 1338 manicis
967 1274 1098 1338 ferreis.
1151 1272 1207 1336 Ad
1230 1292 1292 1355 pa-

341 1394 420 1457 pam
435 1394 576 1458 quoque
591 1395 660 1439 non
675 1375 848 1458 pertinere
865 1375 907 1439 de
925 1394 1044 1456 regum
1061 1374 1135 1438 sive
1147 1373 1190 1436 de
1205 1392 1290 1455 quo-

341 1475 503 1540 rumlibet
527 1481 707 1558 potentum
731 1475 821 1538 laica
851 1475 1069 1559 possessione
1090 1472 1147 1538 vel
1173 1473 1292 1536 subdi-

342 1581 455 1638 torum
478 1576 656 1657 regimine,
674 1574 916 1640 verisimilibus
938 1573 1142 1657 quibusdam
1163 1573 1291 1655 proba-

341 1674 394 1738 vit
419 1676 654 1756 argumentis3
686 1695 763 1741 cum
786 1676 959 1757 praecipue
980 1673 1126 1757 principi
1152 1680 1291 1754 aposto·

341 1773 453 1837 lorum
477 1774 583 1839 Petro
610 1775 695 1839 nihil
719 1795 741 1838 a
766 1774 916 1840 Domino
939 1774 1006 1838 nisi
1034 1774 1187 1837 ecclesiae
1213 1780 1292 1837 tan-

341 1881 415 1937 tum
434 1894 474 1938 ac
493 1895 605 1938 rerum
627 1875 939 1941 ecclesiasticarum
961 1876 1007 1939 sit
1023 1875 1151 1938 collata
1172 1880 1290 1955 potes-

341 1985 407 2039 tas.
462 1974 530 2038 His
557 1975 664 2057 igitur
689 1982 724 2040 et
744 1975 799 2039 his
830 1976 998 2040 similibus
1020 1973 1166 2038 fallaciis
1197 1975 1291 2054 regis

342 2074 428 2138 adeo
452 2074 605 2139 favorem
630 2077 832 2158 promeruit,
859 2082 899 2139 ut
919 2076 1068 2159 plurima
1090 2094 1112 2138 a
1133 2073 1216 2138 viris
1238 2093 1289 2137 re-

341 2172 474 2255 ligiosis
503 2175 668 2239 beneficia
699 2196 762 2258 per
788 2176 943 2260 ejusdem
970 2175 1061 2257 regis
1089 2173 1290 2238 violentiam

342 2274 536 2355 obtineret;
569 2276 629 2339 sed
659 2295 737 2339 cum
768 2276 909 2340 tandem
938 2277 1047 2358 ipsius
1079 2275 1289 2357 perversitas

341 2374 385 2437 ad
403 2375 526 2437 summi
542 2375 714 2457 pontificis
737 2395 837 2439 aures
858 2376 1084 2458 pervolasset,
1106 2375 1183 2456 ipso
1198 2394 1291 2457 papa

339 2481 559 2555 procurante,
576 2476 675 2538 bonis
691 2494 732 2539 ac
752 2476 927 2540 beneficiis
943 2475 1100 2539 omnibus
1120 2473 1290 2557 spoliatus

339 2574 384 2637 ad
400 2581 534 2638 tantam
556 2574 692 2638 demum
712 2575 884 2638 miseriam
907 2574 1093 2658 perductus
1116 2582 1181 2649 est,
1197 2581 1236 2637 ut
1254 2576 1290 2637 in

339 2672 459 2737 habitu
481 2674 701 2756 pauperrimo
725 2681 759 2738 et
781 2675 877 2739 cultu
903 2675 1110 2738 necessitate
1132 2674 1289 2756 compul-

339 2791 397 2835 sus
426 2773 473 2835 sit
495 2792 619 2855 panem
646 2794 745 2838 suum
772 2795 850 2838 cum
875 2775 993 2839 dolore
1018 2774 1171 2838 ostiatim
1194 2793 1290 2836 men-

338 2871 475 2951 dicare;
508 2893 609 2955 quem
636 2874 791 2938 videntes
815 2875 914 2939 multi
943 2873 1187 2938 subsannando
1210 2873 1289 2937 dix·

338 2979 450 3049 eruut,
480 2964 506 3006 ¹‘
524 2973 613 3037 Ecce
635 2973 750 3052 homo,
775 2974 926 3057 quinon
949 2975 1066 3057 posuit
1087 2974 1203 3038 Deum
1226 2973 1288 3037 ad-

333 3070 485 3154 jutorem
513 3092 625 3150 suum,
647 3075 729 3137 dum
760 3076 913 3158 speravit
935 3076 970 3138 in
993 3072 1214 3138 multitudine
1236 3073 1288 3137 di-

337 3171 499 3235 vitiarum
526 3192 664 3237 suarum
694 3183 729 3238 et
755 3175 939 3258 praevaluit
960 3176 998 3239 in
1017 3175 1173 3237 vanitate
1200 3193 1288 3255 sua3

337 3265 415 3334 fiat²
437 3292 520 3355 ergo
542 3293 633 3337 nunc
659 3283 780 3338 contra
800 3275 988 3339 Dominum
1006 3293 1151 3357 semper,
1168 3280 1204 3337 et
1219 3275 1289 3338 dis-

336 3379 456 3455 pereat
476 3373 519 3437 de
541 3380 634 3437 terra
656 3375 821 3438 memoria
843 3375 930 3459 ejus
952 3395 1016 3458 pro
1036 3394 1077 3438 eo
1100 3374 1193 3456 quod
1219 3394 1288 3438 non

336 3479 389 3536 est
409 3473 610 3538 recordatus
632 3481 672 3538 ut
693 3475 822 3539 faceret
842 3475 1134 3552 misericordiam
1162 3467 1288 3556 ³prop-

336 3579 432 3637 terea
451 3574 548 3638 Deus
568 3574 723 3638 destruet
744 3594 821 3639 eum
842 3575 878 3638 in
895 3576 1010 3652 finem,
1029 3581 1065 3638 et
1081 3574 1193 3638 oratio
1210 3575 1287 3657 ejus

336 3672 402 3735 erit
421 3673 457 3734 in
482 3681 675 3755 peccatum,
699 3681 737 3738 ut
760 3676 923 3750 eradatur
948 3675 1117 3738 habitatio
1142 3673 1218 3757 ejus
1244 3675 1287 3738 de

335 3779 429 3835 terra
448 3768 659 3838 viventium?

304 3949 308 3962 ’
371 3945 475 4012 ¹Ecce.]
493 3949 581 3999 Psalm
596 3951 634 4001 lii.
646 3957 671 4002 s.
804 3954 808 4077 p
855 3949 1033 4022 wamma]
1052 3955 1098 4005 Ps.
1110 3956 1148 4006 lii.
1160 3961 1184 4005 6.

370 4015 473 4083 ’Fata
491 4020 537 4070 Ps.
549 4022 600 4072 cix.
613 4025 653 4071 14.
