2858 4876
185 585 239 624 nl).
251 587 307 626 1²14.

347 394 414 459 284
615 410 749 457 noeunr
774 411 821 458 nu
844 408 1050 458 wnunovnn

348 576 533 650 antequam
551 570 595 632 ab
611 570 716 633 exilio
730 571 765 634 in
774 565 940 652 Angliam
957 569 1120 646 redirent,
1136 563 1205 650 'per
1228 587 1302 631 ma-

348 689 428 732 num
447 667 644 751 Pandulpbi
665 670 846 734 duodecim
862 669 971 733 millia
987 687 1122 733 marcas
1135 667 1303 749 legalium

346 769 592 850 sterlingorum
620 769 814 852 accepisse3
846 777 926 852 post
948 769 1135 834 adventum
1161 787 1302 851 quoque

346 887 477 944 eorum,
499 869 535 931 in
557 869 703 933 concilio
729 876 854 934 octavo
880 869 958 932 idus
979 869 1181 933 Decembris
1205 866 1300 950 apud

348 967 548 1047 Radingum
577 969 762 1046 celebrato,
790 968 984 1052 quindecim
1018 968 1128 1032 millia
1165 985 1303 1031 marcas

346 1066 449 1130 iidem
466 1068 619 1149 episcopi
641 1089 718 1132 cum
735 1068 912 1132 monacbis
929 1068 1137 1149 supradietis
1155 1069 1248 1133 iuter
1262 1084 1301 1131 se

346 1159 530 1230 dividenda
548 1175 787 1249 perceperunt,
810 1169 861 1232 ita
883 1168 975 1251 quod
999 1174 1074 1232 tota
1096 1185 1232 1230 summa
1255 1166 1304 1229 si-

346 1267 418 1329 mul
435 1262 622 1350 conjuncta
644 1267 769 1357 viginti
785 1275 918 1350 septem
938 1268 1083 1332 millium
1105 1266 1300 1331 marcarum

346 1365 430 1429 facit
445 1367 744 1448 complementum.
785 1367 950 1433 Residuae
967 1375 1081 1432 autem
1101 1366 1298 1449 qulndecim

347 1466 456 1529 millia
472 1486 610 1544 marcae,
629 1487 707 1550 quae
724 1465 766 1531 ad
778 1468 1056 1550 supplementum
1067 1466 1300 1548 quadraginta

347 1565 490 1628 millium
521 1586 714 1630 marcarum
749 1567 994 1650 praedictarum
1031 1565 1215 1631 solveudae'
1245 1584 1300 1629 re-

347 1659 455 1742 stant,
481 1667 545 1729 sub
574 1667 797 1750 fidejussione
823 1667 1075 1731 Wintoniensis
1099 1673 1134 1730 et
1160 1665 1301 1730 Norwi-

346 1766 457 1828 censis
489 1766 728 1848 episcoporum
756 1773 1007 1844 remanserunt,
1032 1766 1158 1830 additis
1189 1765 1301 1829 literis

346 1865 438 1945 regis
461 1867 659 1947 patentibus
683 1867 727 1930 ad
750 1866 916 1950 majorem
940 1867 1173 1942 securitatem,
1191 1866 1301 1949 juxta

347 1964 439 2045 quod
472 1965 508 2027 in
534 1965 643 2029 literis
675 1964 803 2030 domini
833 1985 934 2049 papae
963 1967 1205 2032 continebatur
1234 1985 1297 2029 ex·

346 2083 513 2144 pressum.

607 2189 656 2253 De
670 2189 861 2254 relocatione
875 2189 1047 2254 interdicti.

183 2352 333 2393 romena
399 2329 468 2394 His
490 2330 541 2394 ita
561 2331 682 2412 gestis,
702 2329 736 2394 N
738 2330 882 2405 icolaus‚
902 2329 1197 2395 Thusculaneusis
1224 2333 1298 2415 epi-

183 2402 288 2444 removed.

183 3296 315 3338 Restitution

185 3347 217 3386 for
225 3347 290 3388 lueret

184 3397 285 3438 deferred.

346 2449 472 2511 scopus
498 2438 533 2494 et
553 2430 754 2512 apostolicae
774 2429 866 2493 sedis
889 2429 1038 2511 legatuS,
1061 2422 1114 2493 ¹in
1136 2430 1191 2495 die
1215 2450 1300 2512 apo-

346 2530 513 2594 stolorum
535 2530 629 2593 beati
654 2530 751 2594 Petri
771 2537 805 2593 et
822 2529 937 2606 Pauli,
958 2530 994 2592 iu
1013 2530 1159 2594 ecclesia
1177 2530 1298 2595 cathe-

346 2629 445 2706 drali,
472 2630 645 2694 relaxavit
670 2629 868 2694 solemniter
894 2630 1100 2693 senteutiam
1123 2630 1300 2695 interdicti

346 2736 529 2810 postquam
545 2728 731 2793 duraverat
748 2729 847 2792 annis
861 2748 936 2805 sex,
952 2729 1125 2792 mensibus
1140 2731 1251 2794 tribus
1263 2738 1300 2795 et

345 2828 466 2891 diebus
484 2827 755 2910 quatuordecim,
769 2829 915 2910 pulsatis
933 2829 1111 2911 campanis
1125 2836 1160 2893 et
1168 2829 1300 2917 hymno

345 2925 415 3009 fTe
431 2929 544 2992 Deum
559 2928 756 2992 laudamus'
775 2929 916 2993 excelsa
930 2948 1015 2993 voce
1031 2935 1184 2993 cantato.

364 3125 505 3205 Qualiter
521 3125 637 3212 lepetae
651 3125 776 3191 distulit
791 3128 922 3210 atfieret
936 3128 1087 3192 restitutio
1103 3126 1291 3193 allatorem.

396 3266 572 3332 Rolaxato
588 3268 718 3350 itaque,
736 3274 774 3330 ut
790 3266 919 3331 dictum
943 3274 1008 3344 est,
1023 3267 1220 3346 interdicto,
1237 3289 1296 3332 ve·

347 3373 473 3430 nerunt
497 3367 541 3431 ad
565 3368 720 3450 legatum
745 3367 901 3443 abbates,
925 3367 1070 3448 priores,
1095 3365 1299 3451 Templarii,

347 3465 593 3548 Hospitalarii,
614 3467 811 3543 abbatissae,
827 3466 1007 3543 moniales,
1023 3467 1139 3530 elerici
1155 3474 1191 3531 et
1203 3467 1297 3545 laici,

346 3567 478 3630 scilieet
493 3566 673 3630 innumera
696 3566 891 3642 multitudo,
914 3571 1073 3648 petentes
1096 3566 1138 3631 de
1161 3566 1297 3631 damnis

346 3673 381 3730 et
397 3665 532 3750 injuriis
557 3667 731 3730 interdicti
751 3673 905 3748 tempore
928 3664 994 3728 sibi
1017 3666 1124 3730 illatis
1147 3666 1222 3730 fieri
1244 3687 1300 3732 re-

345 3766 560 3830 stitutionem
574 3785 582 3846 ;
606 3767 807 3830 asserebant
823 3765 926 3841 euim,
943 3765 1048 3846 quod,
1062 3766 1143 3830 licet
1159 3767 1204 3830 ab
1220 3764 1297 3831 An·

345 3867 418 3948 glia
433 3886 502 3929 non
517 3867 676 3942 exierint,
693 3871 931 3929 remanserant
944 3871 1060 3928 tamen
1079 3867 1115 3928 in
1131 3867 1298 3930 continua

379 4064 387 4096 ¹
397 4068 429 4115 In
440 4067 480 4116 die
491 4069 650 4129 apostoloram
661 4066 726 4115 beuti
733 4066 807 4115 Petri
831 4066 864 4113 cil
875 4070 901 4113 to
913 4065 978 4114 bave
988 4065 1053 4112 been
1070 4064 1129 4114 held
1146 4081 1178 4114 on
1193 4067 1236 4115 the
1248 4067 1300 4118 fes·

344 4138 470 4200 etPeuti.]
481 4137 535 4185 The
544 4137 603 4185 aoth
612 4137 641 4185 oi
646 4138 724 4186 June.
752 4137 806 4184 The
831 4135 892 4183 tival
908 4135 938 4183 oi
952 4135 1092 4184 Processus
1110 4136 1161 4185 and
1180 4137 1299 4187 Martini·

344 4207 478 4270 Waverley
491 4207 588 4256 Annals
601 4211 665 4256 state
676 4207 718 4256 tbe
731 4221 805 4256 couu-
831 4219 905 4267 anus,
916 4204 966 4254 iud
978 4204 1007 4253 os
1014 4205 1087 4266 July.
