2858 4876
424 409 560 457 neonus
583 409 853 460 ursnonrnnun.
1045 398 1111 464 361

238 643 287 706 Da
301 642 497 707 innovatione
512 645 662 708 enitentia
668 644 767 727 facta
784 643 819 708 in
833 641 958 708 barones
965 666 1029 730 pro

534 745 737 808 contnnoocin.

212 866 282 930 Per
298 868 388 931 idem
405 875 553 950 tempus,
568 869 721 933 instante
736 867 824 933 festo
840 867 1015 947 Paschali,
1030 889 1108 934 cum
1123 887 1185 978 ppei
1190 890 1260 980 3130

162 967 270 1030 abbas
289 965 526 1031 Abbenduniae
554 974 589 1031 et
611 968 808 1051 conjudices
830 968 905 1052 ejus
932 976 1109 1035 contuma·
1123 989 1217 1028 annotat

79 1131 82 1137 ,
161 1065 249 1128 ciam
280 1068 445 1132 baronum
479 1077 514 1131 et
539 1067 768 1131 Londinensis
798 1068 950 1132 civitatis
980 1088 1109 1150 eogno-
1122 1038 1251 1137 milis

162 1165 305 1244 vissent,
328 1187 452 1230 manus
476 1186 558 1231 suas
589 1169 730 1249 gravius
758 1169 793 1230 in
824 1168 962 1231 eosdem
989 1140 1204 1233 exten-'’⁵¹⁰⁰’'

162 1263 294 1342 dentes,
315 1267 441 1331 iterato
466 1267 590 1344 edicto,
615 1269 772 1331 omnibus
794 1266 934 1349 Angliae
956 1270 1110 1335 ecclesiis

162 1367 447 1430 conventualibus
476 1368 642 1432 dederunt
665 1368 701 1430 in
731 1367 915 1444 mandatis,
942 1375 980 1432 ut
1003 1369 1109 1433 latam

163 1466 368 1530 sententiam
387 1468 451 1530 sub
470 1466 535 1531 hac
557 1466 668 1532 forma
689 1469 927 1550 publicarent;
950 1466 1024 1531 ‘H.
1042 1469 1111 1533 Dei

162 1565 276 1645 gratia
303 1567 410 1630 abbas
432 1564 731 1643 Abbendunensis,
756 1574 791 1630 et
810 1574 946 1631 caetera.
1000 1567 1110 1631 Exse-

162 1673 308 1746 quentes
332 1666 532 1730 mandatum
556 1667 784 1749 apostolicum
811 1667 909 1732 nobis
930 1666 980 1730 sic
1001 1668 1111 1751 impo-

162 1766 278 1843 situm,
313 1766 402 1830 sicut
436 1775 536 1831 tenor
573 1767 750 1831 literarum
783 1775 991 1846 nostrarum,
1022 1789 1110 1852 quas

161 1884 272 1948 nuper
293 1867 392 1930 vobis
414 1867 678 1943 transmisimus,
699 1868 797 1932 vobis
819 1867 954 1948 plenius
973 1869 1110 1932 intima-

163 1965 226 2043 vit,
258 1968 370 2031 sancti
403 1967 507 2031 Pauli
538 1968 717 2049 sanctique
756 1967 902 2030 Martini
934 1968 1109 2048 capitulis,

164 2064 209 2130 G.
240 2066 282 2130 de
312 2067 488 2131 Boclande
518 2067 592 2150 ejus
619 2067 772 2131 ecclesiae
801 2067 943 2143 decano,
970 2074 1005 2130 et
1027 2087 1110 2131 con-

163 2167 282 2229 ventui
322 2166 459 2230 Sanctae
495 2167 678 2231 Trinitatis
716 2166 957 2243 Londinensis,
991 2166 1110 2230 literas

163 2274 312 2343 nostras,
335 2267 464 2330 domini
492 2287 591 2350 papae
616 2266 774 2349 rescripti
801 2266 905 2330 verba
933 2267 1110 2330 continen-

163 2372 228 2444 tes,
261 2386 328 2429 non
360 2367 472 2430 solum
509 2366 614 2430 semel
646 2366 704 2430 sed
736 2385 829 2449 saepe
861 2365 1027 2443 misimus,
1060 2368 1110 2431 eis

163 2466 370 2530 auctoritate
400 2467 593 2549 apostolica
615 2466 769 2530 districte
798 2467 1047 2547 praecipientes,
1071 2474 1110 2531 ut

153 2567 529 2630 excommunicationis
551 2575 586 2631 et
603 2566 776 2630 interdicti
805 2567 992 2629 sententias
1019 2567 1110 2631 latas

163 2666 200 2728 in
230 2673 475 2749 persequentes
509 2666 681 2730 dominum
716 2685 831 2747 regem
865 2672 900 2729 et
933 2665 1110 2730 civitatem

165 2765 423 2831 Londoniarum
460 2767 643 2849 diligenter
679 2765 894 2848 publicantes
929 2765 1110 2830 inviolabi-

162 2866 242 2930 liter
263 2869 510 2946 observarent3
534 2867 594 2949 qui
614 2865 700 2928 adeo
719 2865 948 2930 irreverenter
970 2874 1111 2948 aposto·

163 2965 266 3030 licum
286 2967 498 3049 vilipendere
517 2965 717 3029 mandatum
742 2965 1001 3049 [praesumunt],
1018 2965 1110 3047 quod

163 3065 300 3130 easdem
318 3068 508 3131 sententias
530 3066 706 3150 publicare
727 3065 781 3128 vel
804 3065 908 3128 etiam
927 3066 1110 3129 observare

162 3186 224 3250 per
250 3169 500 3232 contumaciam
524 3171 812 3247 contempserunt,
836 3163 872 3226 in
899 3163 1024 3228 divinis
1048 3165 1109 3228 ob-

162 3267 291 3350 sequiis
313 3267 620 3331 excommunicatis
642 3265 789 3328 scienter
805 3263 1109 3343 communicantes

162 3368 410 3431 sententiarum
442 3367 569 3431 domini
596 3383 696 3448 papae
726 3362 912 3427 violatores
949 3371 984 3426 et
1015 3383 1110 3427 man-

162 3466 235 3530 dati
269 3466 344 3551 ejus
378 3473 630 3549 contemptores
665 3463 867 3527 manifestos
902 3464 1041 3527 omnino
1071 3483 1109 3528 se

162 3566 197 3628 in
222 3568 380 3630 omnibus
403 3567 617 3643 exhibend03
642 3565 684 3627 de
713 3564 838 3644 quibus
864 3582 926 3645 per
951 3570 1109 3645 patentes

159 3666 279 3730 literas
307 3666 450 3750 capituli
479 3665 590 3730 sancti
614 3663 717 3727 Pauli
744 3663 923 3744 sanctique
951 3662 1109 3741 Martini,

163 3767 255 3850 [per]
270 3768 413 3831 clericos
425 3775 460 3831 et
472 3766 608 3829 nuntios
620 3762 774 3848 ejusdem
787 3763 908 3827 decani
920 3764 1018 3827 nobis
1030 3782 1107 3844 spe·

161 3868 295 3932 cialiter
317 3868 520 3942 destinatae,
547 3871 582 3927 et
609 3884 670 3945 per
693 3863 779 3925 alias
802 3861 1008 3926 sufficientes
1027 3882 1106 3944 pro-

162 3968 329 4042 bationes,
353 3967 490 4046 plenam
518 3964 683 4026 habemus
707 3963 944 4026 certitudinem
967 3970 1002 4025 et
1025 3981 1106 4024 con·

161 4073 321 4130 stantem.
368 4064 543 4127 Praeterea
555 4063 597 4126 de
615 4082 722 4144 regno
741 4062 950 4124 Francorum
968 4060 1106 4143 quidam
1204 4049 1211 4061 ⁸

161 4166 290 4230 nobiles
322 4165 535 4228 advenerunt
557 4183 633 4226 cum
666 4170 800 4226 armata
831 4180 935 4224 manu
961 4160 1107 4224 militum
