2858 4876
149 589 205 630 M).
217 589 274 627 121³.

152 984 271 1026 comellat

154 1037 175 1077 8.
186 1033 278 1076 Alban’r.

308 398 374 462 262
567 413 701 465 nocuru
726 414 773 460 nu
791 412 998 463 wuunovnrr

312 569 512 641 derelictum
536 570 717 647 comebat,
751 568 959 634 necessitate
989 567 1190 651 compulsus
1220 567 1265 630 ad
1330 552 1335 562 ’

313 667 479 752 Angliam
500 671 678 740 remeavit.

457 846 507 939 De
524 846 666 946 kimat
680 843 859 911 libertatem
872 844 1113 934 dauwutiotiooe.

382 969 477 1034 Dum
515 970 590 1034 haec
628 977 838 1053 agerentur,
859 969 1089 1034 interfuerunt
1120 965 1268 1031 concilio

317 1069 408 1151 apud
429 1078 588 1134 sanctum
606 1068 781 1136 Albanum
800 1070 978 1135 Galfridus
999 1065 1209 1132 filius-Petri
1232 1074 1268 1129 et

318 1170 501 1253 episcopus
531 1169 791 1237 wintoniensis.
823 1190 902 1235 cum
935 1167 1195 1250 archiepiscopo
1232 1172 1269 1229 et

319 1270 490 1353 episcopis
512 1277 547 1334 et
567 1270 787 1351 magnatibus
809 1270 919 1351 regui,
941 1269 1002 1339 nbi
1024 1267 1159 1332 cunctis
1180 1284 1267 1348 pace

320 1370 411 1450 regis
431 1369 646 1447 denuntiata,
663 1389 706 1434 ex
725 1368 879 1453 ejusdem
899 1369 990 1451 regis
1008 1374 1108 1451 parte
1123 1365 1271 1430 firmiter

316 1475 530 1551 ,praeceptum
552 1476 618 1547 est,
643 1476 814 1552 quatenus
841 1469 935 1551 leges
958 1467 1104 1531 Henrici
1127 1466 1185 1529 avi
1213 1464 1269 1528 sni

321 1568 365 1630 ab
395 1569 554 1635 omnibus
589 1570 626 1632 in
658 1589 766 1651 reguo
798 1568 1055 1633 custodirentur
1084 1574 1120 1630 et
1150 1583 1271 1643 omnes

321 1667 416 1749 leges
442 1669 569 1751 iniquae
595 1669 733 1751 penitus
759 1674 994 1748 enerventur;
1028 1665 1269 1730 denuntiatum

322 1773 376 1830 est
397 1775 570 1850 ¹praeterea
594 1769 866 1846 vicecomitibus,
895 1766 1098 1843 forestariis,
1121 1765 1270 1846 aliisque

322 1867 488 1940 ministris
510 1869 614 1950 regis,
636 1869 734 1936 sicut.
747 1870 855 1933 vitam
878 1875 913 1932 et
930 1868 1083 1931 membra
1104 1883 1168 1928 sua
1190 1863 1270 1927 dili-

322 1973 423 2048 gunt,
448 1986 491 2030 ne
524 1987 546 2032 a
576 1987 759 2050 quoquam⁴
785 1968 915 2050 aliquid
945 1967 1115 2032 violenter
1151 1969 1271 2028 extor-

322 2073 464 2148 queant,
483 2067 538 2132 vel
559 2068 662 2132 alicui
685 2068 847 2151 injuriam
867 2069 1022 2149 irrogare
1043 2071 1271 2149 praesumant,

323 2173 385 2229 aut
400 2167 548 2239 scotalla
565 2168 691 2237 alicubi
709 2169 745 2231 iu
762 2187 870 2250 reguo
889 2167 1030 2242 iaciant,
1047 2166 1138 2231 sicut
1155 2163 1271 2227 facere

323 2273 589 2331 consueverunt.
650 2267 730 2331 Rex
754 2287 838 2332 vero
861 2267 885 2331 J
888 2266 1053 2343 ohannesr,
1082 2284 1159 2329 cum
1183 2282 1222 2327 se
1249 2282 1272 2327 a

321 2365 530 2447 quibusdam
556 2368 790 2448 magnatibus,
811 2374 852 2433 ut
872 2366 1074 2450 praedictum
1095 2376 1160 2440 est,
1188 2381 1272 2448 qua-

322 2467 354 2528 si
374 2466 575 2538 (lerelictum
602 2467 834 2548 cognovisset,
857 2485 1023 2548 magnum
1045 2465 1273 2545 congregavit

324 2566 526 2643 exercitum,
548 2574 587 2630 ut
607 2566 752 2631 rebelles
776 2566 819 2630 ad
845 2572 1055 2631 consuetum
1070 2563 1274 2645 obsequium

324 2673 531 2743 revocaret3
572 2685 718 2748 cumque
756 2685 854 2730 arma
892 2685 1032 2731 movere
1072 2663 1274 2745 incepisset,

326 2764 421 2826 veuit
440 2764 483 2826 ad
506 2783 584 2828 eum
609 2765 888 2849 archiepiscopus
909 2764 1003 2848 apud
1024 2763 1275 2844 Nortbampto-

326 2881 419 2939 nam,
446 2856 799 2948 ¹diceus,.plurimum
829 2866 865 2928 in
887 2865 1049 2948 iujuriam
1075 2863 1130 2926 sui
1156 2880 1275 2925 sacra-

326 2961 445 3038 menti,
468 2963 559 3044 quod
582 2965 618 3028 in
643 2966 859 3029 absolutione
882 2984 946 3029 sua
974 2963 1198 3046 praestiterat,
1221 2981 1276 3024 re-

327 3061 493 3139 dundare,
522 3064 553 3127 si
587 3066 718 3146 absque
741 3063 873 3147 judicio
906 3065 1024 3127 curiae·
1047 3081 1120 3126 suae
1152 3068 1276 3125 contra

326 3162 522 3243 quempiam
554 3163 681 3227 bellum
712 3163 867 3244 faceret3
907 3163 1001 3246 quod
1034 3162 1177 3226 audiens
1211 3181 1275 3225 rex

327 3281 404 3324 cum
419 3261 554 3344 ingenti
571 3263 717 3344 strepitu
736 3263 826 3327 dixit
843 3283 880 3327 se
897 3263 996 3345 regni
1015 3263 1156 3345 negotia
1171 3281 1275 3344 prop-

327 3369 381 3425 ter
402 3361 697 3445 archiepiscopum
716 3382 786 3427 nou
808 3362 955 3440 differre,
975 3383 1053 3441 cum
1074 3362 1164 3429 laica
1180 3360 1276 3445 judi-

327 3460 381 3533 cia
398 3461 442 3523 ad
459 3463 572 3543 ipsum
588 3482 657 3525 non
675 3465 883 3545 pertineant.
930 3461 973 3526 Iu
987 3462 1139 3526 crastino
1156 3468 1275 3524 autem

327 3579 462 3624 summo
483 3561 634 3626 diluculo
656 3562 723 3626 iter
742 3562 946 3626 furibundus
967 3561 1135 3644 arripiens
1151 3578 1274 3624 versus

329 3659 544 3742 Notingham
571 3663 792 3743 properavit;
816 3670 955 3726 secutus
983 3669 1038 3725 est
1063 3679 1201 3743 quoque
1223 3679 1277 3722 re-

327 3779 405 3840 gem
427 3760 706 3843 archiepiscopus
729 3769 940 3825 memoratus
961 3767 1161 3825 constanter
1183 3757 1275 3822 affir-

327 3877 439 3937 manS,
464 3860 568 3941 quod,
594 3861 661 3923 nisi
692 3861 736 3923 ab
766 3861 927 3943 incoeptis
956 3860 1100 3924 celerius
1130 3859 1276 3923 desiste-

327 3965 393 4035 ret,
420 3979 549 4051 omnes,
576 3961 635 4041 qui
660 3978 781 4025 versus
809 3961 1005 4043 quempiam
1028 3967 1110 4023 ante
1139 3959 1277 4023 relaxa·

363 4133 369 4163 ¹
380 4136 493 4202 Dicens]
511 4137 519 4165 ⁴
531 4138 596 4186 Eum
607 4139 789 4189 rationabiliter
799 4153 909 4202 arguens
917 4135 935 4200 3’
954 4139 1122 4202 eoggeshalq
1132 4154 1158 4200 p.
1173 4143 1229 4188 lou.
