2858 4876
319 390 385 457 880
576 403 709 454 nouum
736 404 783 450 nn
805 400 1014 452 wunnovun

434 637 484 702 De
506 635 658 703 modiolo
680 637 777 701 contri
804 636 987 702 Donareosis
1002 636 1099 722 foeta
1127 657 1150 698 o

708 736 882 802 Lodowioo.

155 881 211 924 lo.
223 882 278 923 rur.
369 864 498 929 Eodem
516 882 619 941 anno,
634 863 787 928 instante
805 861 991 927 nativitate
1008 860 1121 926 sancti
1136 859 1160 925 J
1162 861 1272 926 ohan

155 932 300 1074 {Heruli
317 965 371 1029 nis
388 963 570 1048 Baptistae,
586 963 817 1028 Lodowicus
807 980 843 1026 m
858 962 1059 1027 fortitudine
1081 962 1182 1044 gravi
1204 962 1270 1025 mi-

201 1034 228 1074 ''
318 1065 417 1130 litum
440 1073 475 1131 et
497 1064 659 1130 clientum
687 1063 889 1127 Dovereuse
915 1070 1067 1126 castrum
1092 1058 1271 1126 obsidione

318 1165 476 1242 vallavit,
507 1164 613 1228 misso
646 1164 743 1246 prius
768 1162 812 1228 ad
839 1169 972 1246 patrem
1004 1180 1106 1224 suum
1129 1168 1272 1245 propter

318 1264 517 1347 petrariam,
531 1282 610 1346 quae
627 1261 871 1327 ‘Malveisine’
886 1261 1024 1326 Gallice
1035 1269 1271 1346 nuncupatur,

318 1382 389 1448 qua
410 1383 488 1429 eum
510 1362 679 1427 machinis
701 1362 780 1426 aliis
797 1362 924 1426 Franci
946 1369 1028 1427 ante
1048 1369 1202 1426 castrum
1216 1363 1272 1426 lo·

318 1471 399 1529 eata
421 1482 539 1528 muros
561 1463 688 1527 acriter
708 1463 838 1526 crebris
866 1460 993 1526 ictibus
1015 1463 1271 1541 verberabant3

318 1564 380 1629 sed
393 1563 575 1629 Hubertus
590 1562 633 1627 de
649 1562 781 1645 Burgo,
793 1561 892 1625 miles
909 1569 1085 1638 strenuus,
1099 1581 1178 1626 eum
1191 1562 1271 1625 aliis

316 1664 445 1747 septies
471 1661 597 1746 viginti
622 1663 789 1727 militibus
819 1668 855 1726 et
882 1661 1112 1726 servientibus
1139 1662 1272 1740 multis,

316 1765 426 1848 quiin
442 1763 503 1828 illo
519 1768 620 1828 erant
632 1762 823 1826 defensioni
843 1762 1056 1839 insistentes,
1076 1762 1206 1826 multos
1225 1783 1272 1828 ex

316 1864 474 1929 hostibus
504 1870 777 1947 prostraverunt,
808 1861 919 1926 donee
944 1861 1151 1944 Galligenae,
1178 1883 1273 1927 oom-

316 1971 417 2047 perto
436 1964 576 2040 damno,
596 1963 747 2028 tentoria
770 1981 835 2026 sua
858 1970 894 2027 et
913 1962 1091 2026 machinas
1108 1982 1132 2026 a
1154 1971 1272 2028 oestro

317 2064 456 2147 longius
472 2070 714 2143 retraxerunt3
741 2062 833 2127 unde
848 2062 1055 2128 luodowicus
1071 2063 1180 2126 nimia
1194 2083 1273 2127 suo-

316 2183 441 2229 eensus
464 2164 517 2228 ira
538 2162 726 2247 pejerando
744 2163 879 2247 juravit
896 2182 935 2227 se
959 2183 1029 2228 non
1054 2182 1272 2228 reomurum

317 2283 509 2348 quousque,
526 2271 631 2347 capto
641 2263 799 2341 castello,
807 2264 932 2328 inclusi
948 2282 1069 2328 omnes
1084 2264 1273 2347 suspendio

316 2364 548 2429 traderentur.
596 2362 877 2428 construxerunt
890 2383 1030 2448 quoque
1044 2363 1094 2427 ibi
1110 2367 1274 2429 tabem-

315 2464 397 2528 cula
423 2464 535 2528 multa
556 2471 592 2527 et
614 2463 761 2528 aedilicia
781 2472 865 2529 ante
884 2465 1066 2528 introitum
1093 2465 1200 2529 eustri
1224 2464 1273 2528 ad

315 2570 482 2629 terrorem
504 2563 730 2640 inclusorum,
751 2564 802 2626 ita
820 2571 862 2628 ut
877 2564 975 2627 locus
996 2563 1057 2627 ille
1072 2563 1273 2629 similitudi-

315 2683 394 2728 nem
434 2663 666 2728 nundinarum
705 2663 911 2745 praet’erret3
946 2663 1150 2745 cogitabant
1178 2666 1273 2729 enim

315 2763 408 2827 same
429 2769 466 2826 et
484 2761 649 2825 diuturna
674 2762 854 2826 obsidione
877 2762 922 2824 ad
945 2762 1157 2827 deditionem
1177 2783 1274 2829 eom-

314 2862 444 2946 pellere
459 2880 547 2945 quos
562 2860 668 2924 armis
681 2861 872 2944 subjugare
887 2863 1089 2944 nequibant

483 3037 533 3101 Dr
544 3035 686 3121 erube
698 3036 820 3101 melli
832 3037 871 3102 dr
887 3036 1101 3124 Comedreuur.

152 3181 302 3283 w&
367 3162 437 3227 Per
456 3163 546 3227 idem
568 3169 706 3245 tempus
724 3163 885 3244 quaedam
905 3183 989 3247 pars
1011 3165 1195 3243 borona,
1207 3168 1272 3250 qui

151 3282 236 3324 m
316 3261 506 3328 Isondouiis
535 3274 786 3340 remanserant,
820 3265 1072 3346 equitationem
1100 3265 1272 3332 indentes

314 3362 506 3446 depredati
530 3374 613 3427 suut
636 3364 853 3445 provinciam
874 3364 920 3428 de
946 3364 1191 3448 cantebregge
1212 3376 1273 3432 to-

315 3472 388 3528 tam
420 3478 457 3528 et
484 3464 710 3527 munitionem
742 3463 839 3527 illam
870 3472 1050 3547 ceperunt,
1083 3476 1193 3549 atque
1216 3469 1274 3531 vi-

314 3564 404 3646 ginti
425 3564 629 3641 servientes,
652 3583 741 3645 quus
763 3564 799 3626 iu
822 3583 865 3628 ea
882 3566 1102 3642 invenerant,
1116 3567 1270 3632 rimulis

313 3662 597 3728 constrinxerunt
612 3672 648 3726 et
661 3681 780 3726 secum
801 3663 1033 3730 abduxerunt
1085 3666 1174 3730 Inde
1187 3687 1274 3750 pro-

313 3761 524 3846 gredientes,
552 3761 750 3844 provincias
770 3760 815 3826 de
836 3763 1024 3829 Xorthfole
1046 3780 1085 3830 et
1107 3765 1271 3832 Suthfolt

313 3862 578 3946 perlustrmes,
604 3861 802 3944 spoliabant
820 3882 883 3927 eus
904 3883 986 3927 cum
1009 3865 1166 3930 emh-iis
1186 3869 1273 3932 ui·

313 3964 444 4029 versis:
466 3961 571 4025 uillas
591 3980 731 4044 quoque
750 3961 1020 4042 Guememmm,
1034 3965 1271 4032 nnana

312 4072 349 4126 et
377 4061 612 4145 Gipsruimn
640 4060 686 4123 ad
719 4062 989 4146 redemptionuu
1021 4068 1269 4148 garisim

312 4162 577 4245 «impulsuum
602 4161 743 4225 tudem
766 4182 830 4244 per
842 4163 1091 4231 Colotesu'u
1110 4167 1270 4251 palu
