2858 4876
328 384 392 449 190
584 396 718 444 aoemu
743 396 790 444 us
814 395 1020 443 wenoovmr

164 573 287 614 sulm·
326 552 582 624 successoribus
610 556 734 622 vestris
764 574 868 639 super
884 552 965 639 jure
990 552 1278 617 cantuariensem

327 659 622 742 archiepiscopum
640 656 789 738 eligendi
805 655 979 720 silentium
994 661 1200 738 perpetuum
1214 653 1280 716 im·

327 759 498 843 ponimus,
521 766 556 822 et
578 756 766 822 monachos
789 755 1057 820 Cantuarienses
1078 755 1123 818 ab
1144 753 1281 836 impeti-

328 860 422 924 tione
444 879 485 922 ac
502 858 743 922 molestatione
759 863 875 922 vestra
894 865 929 920 et
946 873 1183 920 suceessorum
1200 872 1279 918 ves·

328 966 459 1025 trorum
476 950 546 1041 'per
574 959 781 1023 sententiam
810 956 1024 1021 diffinitivam
1055 954 1279 1031 absolvimus,

328 1059 536 1125 auctoritate
565 1058 759 1141 apostolica
792 1052 1026 1134 decernentes,
1054 1062 1094 1121 ut
1120 1054 1279 1119 monachi

330 1158 592 1224 cantuariensis
608 1157 773 1241 *eeclesiae
795 1164 830 1223 ct
857 1175 1073 1221 successores
1096 1175 1214 1220 eorum
1236 1154 1279 1217 de

329 1267 455 1324 caetero
475 1259 770 1342 archiepiscopum
793 1258 925 1339 eligant
945 1257 1020 1320 sine
1045 1256 1153 1320 vohis.
1205 1255 1281 1318 Da·

328 1367 402 1424 tum
433 1360 568 1436 Romae,
594 1358 686 1441 apud
715 1362 873 1422 sanctum
897 1357 1054 1434 Petrum,
1076 1355 1279 1420 duodecimo

328 1459 495 1525 kalendas
507 1458 680 1536 senuerit,
694 1458 917 1541 pontificatus
931 1457 1041 1522 nostri
1056 1476 1149 1521 anno
1164 1456 1279 1520 nono.'

359 1629 409 1694 Dc
425 1627 562 1715 qaedam
577 1629 691 1695 cumae
698 1607 884 1714 perpeserit
899 1637 927 1692 et
934 1628 1038 1715 poenis
1053 1627 1207 1694 maloram
1222 1638 1250 1692 et

656 1728 762 1814 picria
779 1727 942 1794 lectorum.

378 1854 459 1919 Hoc
476 1873 568 1918 anno
584 1855 637 1918 vir
655 1855 794 1936 quidam
817 1855 853 1918 in
877 1855 1079 1937 episcopatu
1103 1852 1280 1919 Londoni-

328 1956 414 2032 ensi,
431 1955 566 2020 invilla
587 1973 665 2036 quae
684 1948 871 2019 ¹'fidstude
890 1954 1017 2018 dieitur
1031 1953 1173 2036 degens,
1196 1956 1279 2020 sim·

328 2055 411 2139 plex
436 2056 600 2138 operique
633 2062 793 2120 assuetus
819 2054 926 2119 rurali
949 2062 984 2119 et
1001 2054 1110 2137 juxta
1132 2054 1279 2121 faculta-

329 2163 402 2220 tum
433 2155 704 2220 mediocritatem
748 2154 978 2238 hospitalitati
1011 2154 1160 2232 deditus,
1196 2156 1278 2220 dum

328 2263 407 2340 post
433 2257 554 2320 horam
579 2256 813 2339 vespertinam
835 2255 872 2319 in
896 2254 1014 2340 vigilia
1041 2256 1279 2339 apostolorum

329 2356 478 2421 Simonis
496 2362 532 2420 et
546 2355 569 2419 J
572 2356 650 2420 udae
674 2355 824 2438 agellum
839 2374 953 2432 suum,
969 2375 1070 2438 quern
1088 2356 1207 2421 eodem
1222 2357 1279 2422 die

328 2458 571 2533 seminaverat,
586 2457 629 2521 ab
646 2476 814 2539 aquarum
830 2454 1055 2520 inundatione
1069 2475 1132 2540 per
1149 2457 1280 2522 rivulos

329 2557 467 2622 laticem
485 2555 685 2622 deducendo
701 2562 898 2634 evacuaret,
921 2555 1040 2620 oculos
1063 2557 1179 2622 subito
1202 2578 1279 2623 snr-

329 2676 405 2720 sum
429 2658 564 2739 erigens
581 2657 676 2723 videt
692 2657 864 2722 hominem
881 2655 1053 2739 quendam
1070 2657 1115 2720 ad
1137 2677 1175 2722 se
1197 2659 1281 2723 emi-

329 2776 395 2820 nus
418 2765 680 2841 properantem3
704 2776 807 2841 quem
829 2776 907 2820 eum
934 2758 1129 2840 aspexisset
1151 2766 1186 2823 et
1203 2779 1279 2824 ora·

329 2856 458 2922 tionem
481 2857 699 2922 Dominicam
726 2857 937 2936 inchoasset,
961 2877 1039 2923 ecce
1063 2859 1221 2940 protinus
1247 2862 1280 2924 ei

329 2959 495 3022 assistens
524 2957 683 3022 hortatus
712 2965 778 3034 est,
809 2964 859 3035 ut,
888 2957 987 3021 finita
1008 2977 1112 3041 quam
1139 2959 1279 3025 inchoa·

330 3063 429 3122 verat
451 3058 619 3136 oratione,
640 3078 756 3122 secum
778 3058 998 3140 loqueretur;
1023 3060 1195 3142 completa
1216 3080 1279 3124 au·

330 3165 400 3222 tem
421 3158 589 3234 oratione,
608 3158 811 3223 seinvicem
831 3158 1038 3224 salutarunt.
1090 3159 1191 3224 Tunc
1207 3161 1279 3238 ille,

331 3259 390 3340 qui
408 3266 666 3341 supervenerat,
687 3265 944 3342 percunctatur,
961 3260 1020 3324 ubi
1035 3267 1134 3325 nocte
1149 3260 1211 3325 illa
1225 3262 1279 3325 in-

331 3358 533 3422 tervisinos
560 3359 671 3441 possit
697 3360 943 3442 congruentius
970 3359 1158 3443 hospitari3
1187 3381 1281 3426 oum·

331 3478 398 3540 que
417 3459 603 3541 requisitus
621 3459 836 3541 quorundam
852 3461 1043 3525 vicinorum
1061 3460 1281 3527 sedulitatem

330 3558 578 3641 hospitalitatis
605 3560 848 3636 collaudasset,
874 3561 1059 3644 requisitor
1088 3561 1280 3627 nominato·

330 3677 406 3721 rum
433 3659 649 3741 quorundam
672 3660 944 3743 hospitalitatem
969 3661 1180 3744 reprobavit.
1231 3663 1283 3728 At

330 3757 388 3822 ille
414 3758 611 3841 intelligens
634 3760 760 3838 virum,
784 3760 844 3844 qui
870 3761 1070 3841 advenerat,
1089 3762 1280 3828 vicinorum

255 3912 257 3919 ,
330 3877 471 3923 snorum
497 3858 623 3924 habere
653 3860 824 3948 notitiam,
850 3862 989 3944 rogavit
1014 3862 1214 3942 instantius,
1241 3871 1282 3928 ut

329 3977 446 4023 secum
480 3958 649 4043 hospitari
680 3961 904 4044 dignaretnr3
938 3961 993 4027 cui
1022 3963 1095 4041 illo,
1117 3963 1282 4048 ‘Gonjux

376 4174 385 4207 ¹
396 4178 533 4242 Tiristasin]
554 4181 671 4244 Perhaps
681 4181 720 4231 ior
731 4177 876 4245 ‘'lhrnsted‚’
887 4195 915 4231 or
924 4181 1088 4244 ‘'l'vrinsted,’
1099 4181 1126 4233 ln
1138 4182 1229 4234 Essex.
