2858 4876
423 385 563 434 rnonns
587 385 857 435 nrsronmauu.
1066 371 1111 434 79

162 538 293 621 Anglia
308 559 371 621 pro
389 540 495 610 fratre
509 539 682 622 disposuit
703 543 875 620 coronari,
898 541 960 608 sed
978 541 1112 625 ruglo,
1123 523 1246 603 nonna

162 658 237 703 rum
255 639 383 705 virtute
398 638 565 705 laudabili
579 639 646 704 fnit
662 640 860 722 impeditus.

177 807 219 872 Ut
234 830 288 873 rea
301 809 499 876 Francorum
512 811 746 877 Normoaaiam
760 833 908 901 opipare
923 793 1110 898 tertionarii(⁸

213 925 309 997 Rex¹
327 933 539 999 Francorum
559 933 754 1016 Philippus,
775 935 812 1000 iu
833 933 903 1000 illis
921 933 1041 999 diebus
1057 934 1110 999 in·
1123 945 1255 1043 fflffdgn

164 1030 325 1096 imicitias
352 1031 478 1113 ubique
500 1039 623 1096 contra
654 1051 770 1112 regem
794 1030 987 1115 Anglorum
1010 1037 1111 1098 exer·
1247 1022 1253 1034 ’

164 1148 258 1206 cens,
276 1128 527 1197 Narmanniam
548 1131 701 1195 maximo
723 1131 879 1197 exercitu
897 1132 1111 1213 aggreditur,

165 1239 234 1289 non
255 1228 378 1304 ordini,
393 1248 463 1292 non
484 1227 597 1302 sexui,
613 1248 682 1292 non
700 1230 797 1292 aetati
815 1248 971 1312 parcens.
1014 1227 1112 1292 Gile-
1238 1235 1243 1243 ’

164 1320 283 1388 bertus
297 1326 343 1402 de
353 1319 521 1403 Wascuil,
539 1327 706 1390 accersito
723 1327 767 1390 ad
779 1320 822 1390 'se
837 1320 917 1408 rege
933 1318 1110 1410 praedicto,

165 1423 356 1488 Gisortium
384 1424 415 1488 ei
438 1445 500 1507 per
522 1425 741 1489 traditionem
763 1426 882 1502 tradit,
904 1426 995 1489 sicut
1016 1426 1112 1507 prius

166 1522 376 1589 convenerat
401 1523 492 1590 inter
512 1542 584 1590 eos.
635 1523 771 1591 Deinde
797 1523 890 1590 idem
915 1543 979 1589 rex
1001 1530 1111 1590 totum

170 1621 378 1704 Vegesinum
408 1621 444 1687 N
446 1622 682 1688 armannicum
707 1631 741 1688 et
770 1623 973 1689 comitatum
1005 1620 1112 1688 Albe·

136 1754 137 1757 π
168 1721 275 1784 marle
300 1741 408 1804 usque
433 1721 477 1785 ad
504 1722 617 1807 Diope
642 1728 678 1786 et
696 1721 833 1788 Vallem
859 1720 902 1786 dc
926 1721 1010 1786 Ruil
1034 1740 1112 1785 cum

165 1820 317 1883 castellis
333 1820 527 1902 praecipuis,
551 1821 678 1903 partim
693 1820 898 1902 proditione,
911 1820 1038 1902 partim
1053 1838 1112 1884 ex-

166 1918 393 1999 pugnatione,
408 1919 475 1985 sibi
490 1920 646 2001 subegit;
677 1925 805 1983 terram
827 1919 931 1983 etiam
949 1917 1112 1998 Hugonis

167 2015 209 2080 de
223 2016 370 2095 Gurnai,
384 2017 494 2099 quise
508 2036 587 2081 cum
602 2017 808 2100 quibusdam
820 2017 898 2082 aliis
914 2017 989 2097 regi
1004 2015 1114 2087 Fran·¹

167 2134 285 2182 corum
301 2114 513 2195 subdiderat,
533 2114 744 2198 subjugavit.
792 2114 1049 2194 Rothomagum
1064 2113 1114 2190 in·

166 2231 271 2294 super
294 2213 470 2277 obsidione
492 2212 649 2289 vallavit,
671 2212 732 2277 sed
759 2212 894 2275 comitis
917 2211 1114 2277 brionniae

168 2310 352 2390 magnifica
377 2310 506 2374 virtute
525 2329 567 2374 ac
588 2311 716 2389 civium
737 2309 909 2390 probitate
934 2329 1013 2387 cum
1034 2327 1115 2374 suo·

166 2428 244 2471 rum
274 2408 458 2473 amissione
486 2415 520 2472 et
548 2407 750 2472 confusione
774 2409 817 2473 ab
847 2409 931 2472 urbe
962 2407 1115 2473 recessit.

169 2506 354 2573 Civitatem
382 2506 625 2571 Ebroicensem
649 2506 739 2571 idem
765 2525 829 2582 ren¹
850 2507 954 2588 cepit,
976 2513 1013 2575 ot
1037 2525 1115 2575 eam

164 2605 269 2671 etiam
285 2605 402 2671 comiti
417 2604 461 2671 ad
478 2604 739 2672 custodiendum
757 2605 938 2673 commisit.
966 2625 968 2629 ’
1022 2624 1025 2628 ’

232 2789 274 2855 Ut
287 2811 343 2861 ree
356 2779 555 2857 Francorum
567 2762 699 2859 sororem
714 2791 794 2876 repis
805 2791 916 2858 Dacia
928 2788 1054 2877 intrarit
1101 2777 1110 2878 Α,

377 2909 501 2957 amorem
514 2898 543 2956 et
557 2891 664 2959 entim
676 2889 899 2977 repudiaverit.

169 3058 172 3064 -
218 3004 305 3079 Per²
321 3011 412 3079 idem
426 3020 562 3095 tempus
581 3031 645 3078 rex
663 3012 876 3080 Francorum
889 3029 1043 3078 sororem
1058 3029 1113 3076 re,
1127 3031 1231 3080 umora

168 3112 223 3193 gis
244 3111 378 3188 Daciae,
396 3111 642 3193 Ingelburgem
667 3111 817 3186 nomine,
841 3109 992 3193 puellam
1012 3109 1112 3177 mira-
1125 3083 1263 3182 iiiiii?

167 3210 229 3276 bili
248 3208 371 3275 decore
390 3209 583 3291 praeditam,
607 3209 743 3291 accepit
762 3209 798 3275 in
820 3228 984 3288 uxorem
1008 3228 1112 3291 quem

166 3313 248 3390 post
263 3306 404 3389 nuptias
426 3308 612 3389 repudians
627 3307 719 3373 inter
731 3308 1009 3375 sanctimoniales
1020 3307 1112 3392 aptrd

169 3405 387 3473 Suessionem
402 3403 599 3482 collocavit,
616 3405 800 3487 Dacoaqua
815 3425 946 3482 omnes,
961 3405 1022 3488 qui
1035 3424 1113 3473 cum

168 3503 229 3567 illa
246 3511 423 3579 venerant,
440 3504 629 3586 repatriare
651 3504 825 3586 praecepit.
877 3503 1007 3569 Eodem
1021 3522 1113 3569 anuo

167 3595 365 3667 Hubertus⁸
382 3601 542 3680 Walteri,
566 3602 833 3669 saresberiensis
858 3603 1052 3686 episcopus,
1075 3602 1112 3667 in

165 3700 462 3782 archiepiscopum
480 3699 766 3767 cantuariensem
787 3701 918 3766 electus
948 3700 1113 3768 canonico

204 3920 278 3973 max
294 3923 444 3976 Francorum
465 3922 630 3986 Philippus]
689 3917 757 3970 'Par
773 3897 837 3971 idam
855 3921 980 3985 tempus]
1004 3921 1115 3983 cogges·

168 3992 297 4042 verbatim
317 3992 381 4045 stom
398 3993 566 4057 Cooeeabale,
581 3992 630 4043 ool.
655 3991 781 4052 idcod.
793 3995 858 4058 βεδε
875 3991 976 4051 Dicato,
986 3991 1034 4040 ool.
1046 3994 1103 4039 6⁷1.

166 4064 225 4111 88⁵.
657 4057 836 4190 deffleb'egas
856 4060 971 4110 Walteri.
992 4059 1004 4123 ]
1030 4059 1115 4111 Hore-
