2858 4876
416 416 555 465 ruonns
581 419 849 467 ursronrtnuu.
1040 403 1104 467 161

153 573 207 637 nis
235 573 385 656 rigorem
419 578 602 640 observare
637 576 833 653 decernens
867 576 1017 653 tandem,
1040 597 1102 641 vo·
1088 592 1170 682 -ff
1169 594 1239 682 μου

151 679 253 738 caute
285 674 447 752 Domino,
480 675 626 740 feliciter
656 677 700 739 ab
737 675 801 739 hac
834 676 908 741 vita
938 676 1135 781 migraritbi
1116 693 1152 731 1111
1139 694 1188 741 uno

152 772 196 837 ad
219 773 418 839 Dominum.
471 774 627 858 Cumque
645 776 710 840 viri
730 776 842 840 sancti
865 795 991 858 corpus
1014 794 1034 839 a
1054 777 1101 841 ci·
1114 792 1179 833 tineo
1136 744 1220 832 “wlf-f

152 873 253 937 vibus
272 873 548 940 Londineusibus
569 876 760 941 deferretur
775 876 867 958 apud
886 875 1101 941 Lincoluiam

151 975 402 1052 tumulandum,
431 976 585 1040 mirabile
612 976 707 1040 dictu
731 977 868 1053 accidit,
892 977 996 1060 quod,
1022 998 1100 1041 cum

153 1074 242 1137 cerei
264 1075 301 1138 iu
323 1076 421 1140 exitu
442 1074 595 1140 civitatis
619 1084 700 1141 ente
724 1096 850 1159 corpus
874 1077 1021 1140 fuissent
1044 1097 1101 1142 ac·

152 1174 258 1252 censi,
268 1194 330 1258 per
339 1183 491 1259 quatuor
502 1175 614 1241 dietas
620 1177 753 1260 jugiter
763 1184 934 1254 arserunt,
945 1176 996 1242 ita
1009 1177 1100 1260 quod

153 1293 222 1338 non
240 1273 307 1339 fuit
324 1275 409 1340 hora
426 1275 463 1338 in
481 1295 550 1358 qua
568 1276 630 1340 lux
647 1277 683 1341 in
703 1276 822 1359 aliquo
839 1296 1015 1341 cereorum
1032 1298 1100 1341 non

151 1372 285 1451 luisset,
310 1375 393 1441 licet
417 1382 554 1459 tempus
581 1396 624 1441 ex
657 1376 748 1441 aeris
779 1377 981 1459 intemperie
1013 1378 1101 1442 mul-

152 1475 254 1539 toties
278 1483 371 1541 esset
392 1484 498 1541 vento
520 1484 555 1541 et
580 1477 699 1560 pluvia
719 1479 975 1556 turbulentum3
1009 1478 1100 1542 unde

151 1574 291 1640 dubium
310 1596 380 1641 non
400 1584 465 1653 est,
482 1577 567 1660 quin
587 1577 759 1641 Dominus
779 1577 904 1642 animae
920 1578 1029 1662 ipsius
1045 1579 1099 1643 lu·

151 1694 224 1739 cem
250 1678 501 1761 praeparaverit
524 1685 738 1761 perpetuam,
767 1679 827 1759 qui
855 1698 918 1760 pro
945 1680 1099 1761 corporis

150 1775 370 1842 veneratione
399 1797 469 1842 non
499 1778 656 1860 permisit
680 1778 869 1860 temporale
895 1779 1010 1842 lumen
1037 1799 1098 1843 ex·

149 1876 291 1959 stingui.
338 1876 433 1942 Obiit
451 1884 568 1942 autem
590 1897 711 1943 servus
730 1878 797 1942 Dei
818 1878 939 1960 Engo,
962 1878 1098 1943 Lincol-

149 1975 279 2041 niensis
300 1978 498 2060 episcopus,
518 1997 611 2042 anno
633 1979 742 2044 Verbi
765 1979 936 2043 incarnati
958 1979 1098 2042 millesi-

149 2096 206 2141 mo
234 2077 468 2143 ducentesimo
506 2078 640 2143 decimo
666 2083 797 2163 quinto,
831 2078 998 2143 kalendas
1029 2080 1100 2143 De-

149 2178 301 2243 cembris.

153 2348 195 2416 Ut
207 2373 316 2439 eorpus
329 2353 431 2417 macti
439 2352 582 2438 Huponis
596 2351 730 2416 demtum
745 2351 786 2416 sit
802 2352 891 2436 opud
901 2350 1100 2416 Lioooloiem

479 2452 525 2517 od
535 2451 761 2516 momentariam

199 2575 447 2643 Convenerunt
463 2578 597 2642 interea
613 2577 656 2640 ad
674 2577 882 2659 colloquium
904 2576 996 2659 apud
1015 2575 1098 2640 Lin·
1084 2585 1251 2676 -ggcglnffl
1238 2582 1260 2625 't

148 2678 296 2743 colniam
327 2698 390 2742 rex
420 2677 613 2760 Anglorum
641 2675 821 2741 lohannes
848 2671 914 2741 et¹
923 2697 986 2740 rex
1015 2677 1098 2741 Sco-

148 2784 262 2843 torum
283 2778 493 2855 willelmus,
527 2798 605 2842 cum
631 2778 793 2842 universa
823 2778 1004 2842 nobilitate
1028 2786 1098 2842 tam

148 2877 231 2942 cleri
261 2898 366 2962 quam
399 2879 518 2962 populi
556 2878 736 2960 utriusque
773 2879 883 2959 regni,
918 2878 1099 2942 undecimo

148 2975 317 3044 kalendas
346 2978 569 3059 Decembris;
600 2977 659 3041 ubi
683 2997 746 3040 rex
773 2976 951 3042 lohannes
978 2985 1099 3042 contra

148 3078 329 3143 consilium
358 3079 544 3144 multorum
574 3078 718 3143 intravit
746 3078 923 3143 civitatem
954 3078 1098 3161 intrepi·

148 3177 226 3256 (lus,
253 3179 346 3262 quod
378 3180 494 3243 nullus
527 3186 782 3242 antecessorum
813 3197 954 3242 suorum
984 3185 1097 3242 atten-

148 3284 224 3343 tare
253 3298 361 3344 ausus
387 3279 513 3355 fuerat,
544 3278 816 3360 perveniensque
846 3276 890 3341 ad
917 3278 1096 3342 ecelesiam

147 3377 380 3444 cathedralem
398 3378 525 3443 obtulit
546 3379 687 3443 calicem
705 3397 847 3441 aureum
869 3398 973 3460 super
987 3378 1097 3442 altare

148 3479 261 3544 sancti
292 3478 464 3544 Johannis
504 3479 686 3560 Baptistae,
720 3478 811 3559 quod
845 3486 898 3543 est
932 3479 967 3541 in
1007 3497 1097 3542 novo

148 3598 252 3662 opere
263 3598 286 3644 a
302 3586 425 3644 sancto
442 3578 588 3661 praefato
606 3578 875 3642 afundamentis
895 3578 1098 3642 mirabiliter

147 3679 329 3744 fabricato.
371 3679 417 3743 Et
434 3679 553 3743 eodem
570 3678 625 3742 die
640 3687 876 3743 convenerunt
892 3678 967 3760 ipse
984 3685 1019 3741 et
1036 3697 1099 3743 rex

146 3778 329 3845 Scotorum
359 3786 461 3843 extra
490 3778 666 3843 civitatem
689 3779 725 3841 in
747 3785 899 3841 montem
924 3778 1096 3854 arduum3

147 3887 183 3944 et
199 3879 248 3944 ibi
269 3880 306 3944 in
324 3886 513 3962 conspectu
535 3879 646 3942 omnis
668 3878 787 3960 populi
805 3877 1012 3954 willelmus
1036 3898 1098 3941 rex

146 3979 287 4058 Scotiae,
314 3979 397 4044 fecit
428 3978 626 4060 homagium
654 3978 727 4060 regi
752 3976 776 4041 J
779 3977 907 4042 ohanui
935 3977 979 4041 de
1006 3978 1099 4040 omni

181 4176 261 4231 nee
277 4179 404 4231 Scotorum
424 4178 595 4242 Willelmur.]
624 4176 749 4238 Compare
761 4176 930 4240 coggeshale,
940 4176 990 4225 col.
1002 4180 1059 4225 sol.

197 4272 279 4320 vol..
297 4271 351 4319 lll.
921 4269 947 4313 M
