2858 4876
426 401 564 449 rnonns
587 400 854 452 nrsronmnuu.
1069 384 1112 450 81

164 573 268 634 opum
282 553 496 648 decorata-ac
508 557 744 641 multipliciter
756 551 950 643 ¹adornata.
979 557 1110 640 Audito
1125 577 1178 617 nn.
1190 576 1246 615 nm.

164 660 281 718 autem
311 650 460 721 adventu
493 658 598 740 regis,
629 658 760 722 nobiles
790 659 922 740 pariter
950 667 986 724 et
1015 659 1111 740 igno-

164 753 250 815 biles
271 755 344 836 regi
363 756 514 821 venienti
537 777 614 820 cum
636 757 768 839 ingenti
790 758 971 822 alacritate
994 777 1112 822 occur-

164 860 256 930 runt,
266 874 403 919 cernere
418 856 602 938 plurimum
617 855 794 939 cupientes
806 858 1041 940 acaptivitate
1059 878 1112 921 re·

165 971 333 1031 gressum,
356 975 458 1037 quem
480 973 658 1037 nunquam
680 956 866 1021 timuerant
880 962 1110 1022 reversurum.
1173 955 1179 970 '

166 1046 282 1134 Rege²
304 1073 386 1118 vero
409 1055 470 1121 vix
496 1075 558 1138 per
579 1054 670 1118 diem
695 1075 803 1120 unum
824 1055 917 1138 apud
938 1055 1118 1121 Westmo-

166 1153 355 1216 nestorium
386 1146 631 1232 commorante,
664 1153 709 1219 ad
743 1161 903 1220 sanctum
937 1155 1114 1219 Eadmun·

166 1250 248 1313 dum
271 1254 386 1333 gratia
404 1252 571 1318 orationis
595 1253 837 1337 progreditur;
857 1253 1005 1337 indeque
1020 1249 1118 1319 ³No··

166 1349 341 1430 tingeham
365 1353 565 1435 properavit
591 1354 795 1417 obsessurus
825 1372 886 1417 eos
915 1361 951 1419 et
977 1373 1114 1437 expug-

167 1457 324 1529 naturus,
352 1452 412 1534 qui
439 1459 565 1517 contra
594 1471 673 1517 eum
700 1452 984 1535 conspiraverant
1008 1461 1045 1519 et
1074 1473 1113 1518 se

166 1548 190 1612 J
193 1549 320 1614 ohanni
335 1551 452 1615 comiti
468 1551 720 1635 obligaverant.
771 1552 958 1618 Exercitus
971 1551 1120 1634 Angliae·

167 1650 282 1715 omnia
299 1650 459 1716 nimirum
480 1652 625 1717 castella
646 1652 783 1735 praefati
805 1652 941 1717 comitis
958 1651 1035 1736 j'am
1056 1671 1113 1716 co·

166 1758 277 1831 perat,
297 1751 366 1815 isto
388 1771 426 1816 se
449 1751 525 1816 solo
545 1759 684 1817 tenente
703 1760 739 1817 et
756 1751 869 1817 adhuc
887 1751 1033 1818 viriliter
1052 1750 1116 1815 de-.

166 1848 348 1930 fendente3
372 1851 434 1914 sed
456 1871 537 1933 rego
557 1851 737 1917 castellum
758 1851 936 1917 obsidente
957 1859 993 1917 et
1008 1851 1118 1916 semei

168 1949 355 2028 assiliente,
378 1957 417 2014 ut
436 1951 565 2015 certius
587 1958 824 2033 cognoverunt
845 1952 977 2015 obsessi
998 1951 1116 2033 inspe-

168 2055 281 2112 ratum
304 2050 405 2132 regis·
418 2050 617 2128 adventum,
633 2050 814 2120 castellum
829 2050 861 2113 e'i
878 2049 1113 2126 reddiderunt,

168 2148 300 2230 seipsos
326 2169 404 2212 cum
428 2149 501 2212 suis
526 2150 565 2214 in
588 2148 770 2214 voluntate
793 2148 886 2230 regis
908 2156 945 2213 et
970 2149 1113 2213 misera·

168 2247 262 2311 tione
294 2254 474 2329 ponentes,
506 2267 654 2330 quorum
684 2247 853 2330 quosdam
878 2247 916 2312 in
941 2266 1115 2312 carcerem

169 2345 328 2423 detrusit,
348 2345 515 2428 quosdam
538 2345 644 2429 digno
669 2346 781 2430 pretio
809 2345 966 2425 redemit,
990 2348 1029 2412 in
1053 2347 1117 2411 tali

170 2447 377 2509 necessitate
401 2444 502 2511 avide
533 2446 654 2513 sitiens
680 2446 862 2529 pecuniam
887 2446 1117 2528 singulorum.

170 2544 260 2607 Duae
292 2544 430 2628 quidem
451 2545 626 2629 praecipue
652 2565 731 2609 eum
755 2563 869 2609 causae
896 2545 1120 2612 vehementer

169 2646 351 2726 urgebant,
375 2652 426 2722 ut,
452 2644 597 2723 scilicet,
615 2644 751 2708 obsides
771 2664 834 2728 pro
849 2662 888 2707 se
910 2643 1010 2708 datos
1030 2662 1114 2726 erga

169 2743 410 2825 imperatorem
430 2744 604 2823 liberaret,
627 2750 663 2810 et
678 2751 718 2808 ut
732 2743 922 2808 exercitum
937 2744 1115 2826 copiosum

169 2850 291 2907 contra
313 2863 428 2925 rogem
446 2843 658 2908 Francorum
680 2844 799 2908 statim
816 2842 1035 2920 conduceret,
1056 2842 1116 2926 qui

169 2950 296 3006 terram
313 2961 413 3007 suam
428 2941 595 3007 incendiis
617 2949 654 3007 et
676 2942 807 3026 rapinis
826 2942 981 3025 undique
992 2941 1116 3007 deras-

171 3043 290 3120 tabat3
319 3049 541 3125 quapropter,
565 3042 594 3106 si
618 3042 754 3106 avidius
778 3059 884 3124 quam
905 3041 1038 3124 regiam
1056 3041 1118 3105 de·

172 3149 265 3206 ceret
281 3140 530 3255 majestatem
519 3160 558 3204 111
576 3147 679 3205 tanta
696 3139 948 3205 necessitatea
968 3139 1120 3205 subditis

171 3241 351 3322 pecuniam
381 3240 602 3322 exquirebat,
629 3238 878 3321 ignoscendum
903 3239 1021 3322 potius
1042 3245 1121 3304 erat

172 3358 277 3420 quam
295 3338 492 3403 necessitati
509 3337 613 3453 regiae
628 3337 877 3453 derogandum.

208 3538 357 3591 ¹Adorttata.
366 3540 378 3604 ]
407 3539 556 3602 Newburgh
573 3553 633 3602 says
658 3543 707 3600 set,
722 3553 769 3588 nec
785 3543 810 3587 ta
828 3538 879 3588 nisi
897 3537 947 3588 sub
963 3537 1123 3588 intoleranda

172 3612 227 3661 that
248 3611 291 3660 the
311 3610 435 3660 Germana
457 3610 515 3659 who
534 3624 632 3659 accom-
658 3609 837 3670 redemptionis
863 3621 962 3657 summa
989 3607 1122 3663 demitten-

172 3681 266 3744 panied
286 3680 339 3729 him
356 3696 424 3730 were
442 3695 470 3729 so
488 3679 632 3728 astonished
658 3678 719 3727 dnm
730 3677 860 3738 duxisset3
852 3671 868 3706 ·’
883 3677 919 3727 iv.
929 3674 995 3742 Μ.

173 3756 200 3801 at
221 3750 265 3799 the
285 3750 378 3799 wealth
398 3750 427 3799 of
440 3750 484 3798 tho
501 3749 568 3831 city,
579 3749 634 3798 that
693 3742 1112 3814 ‘Rege.]coggerha10,col.sao

172 3821 232 3882 they
247 3820 397 3882 exclaimed‚
408 3820 530 3880 ‘Revera,
548 3819 570 3867 si
587 3818 634 3867 has
694 3814 878 3878 ’Notingebnm
880 3815 1122 3879 ]Wendoveromits

173 3900 235 3952 opes
242 3890 364 3952 Anglicas
375 3890 510 3951 imperator
516 3888 635 3950 praescire
660 3887 703 3935 the
715 3889 787 3948 great
800 3885 900 3934 council
911 3885 941 3934 oi
947 3880 1123 3946 nottingham,

175 3960 309 4021 potuisset,
336 3958 457 4021 Angliam
482 3973 535 4007 non
561 3957 636 4006 tache
661 3955 746 4004 which
757 3956 919 4018 begantosrt
930 3970 964 4006 on
974 3955 1018 4003 tho
1028 3953 1087 4002 loth
1098 3950 1127 4000 of

174 4043 249 4090 posse
263 4028 392 4079 exhauriri
408 4029 499 4092 opibus
516 4026 638 4077 credidis·
663 4025 1119 4088 Maroh3seeHoveden,p.'186.·

230 4277 309 4324 VOb.
326 4276 378 4323 111.
956 4274 978 4318 G
