2858 4876
342 393 408 456 102
594 407 730 454 seeum
755 407 801 452 nu
825 404 1031 454 wunnovna

181 581 306 623 atr-11⁹⁶·
344 573 399 630 tro
416 584 512 629 aram
526 565 638 647 ipsam
653 564 808 629 invenies
824 583 973 640 crucem,
995 582 1074 646 quae
1096 562 1133 625 in
1155 561 1210 626 die
1227 561 1297 626 Pa-

181 632 267 682 Legond

181 679 504 731 namonkorrasceues
522 684 544 728 a
559 671 732 728 conventu
748 664 886 728 adorari
904 663 1005 740 solet,
1027 661 1120 745 quia,
1143 662 1210 725 nisi
1229 661 1295 725 hoc

181 733 297 775 Evesbam.

345 766 446 830 modo
462 765 595 842 leceris
618 783 640 828 a
657 771 692 828 te
714 765 769 828 die
792 763 944 827 crastino
961 755 1026 825 ¹nil
1044 761 1173 845 poterit
1188 761 1298 824 adim-

345 866 455 948 pleri3
487 864 629 948 grandis
657 863 747 928 enim
779 864 843 928 tibi
866 869 977 926 restat
1000 862 1069 938 via,
1092 880 1297 943 crucemque

345 966 457 1047 ipsam
488 965 524 1028 in
552 963 753 1029 memoriam
784 962 977 1026 Salvatoris
1008 960 1156 1025 adorans
1183 960 1297 1024 cordis

346 1065 486 1128 contriti
518 1071 553 1128 et
578 1063 751 1127 humiliati
780 1061 987 1126 sacrificium
1019 1059 1115 1138 offer,
1146 1060 1297 1124 sciturus

346 1164 536 1229 certissime
552 1169 732 1246 acceptum
749 1162 901 1227 Domino
921 1161 993 1224 lore
1015 1168 1086 1224 tnae
1103 1160 1298 1223 devotionis

346 1263 599 1340 holocaustum,
622 1262 720 1346 cujus
746 1260 871 1325 ibidem
886 1260 1097 1343 pinguedine
1114 1260 1297 1323 donaberis

347 1361 548 1427 affluenter?
599 1362 668 1439 Sic,
701 1362 856 1425 discusso
883 1379 1021 1443 sopore,
1055 1359 1231 1441 evigilavi,
1261 1367 1297 1424 et

347 1481 425 1525 cum
447 1461 625 1539 iratribus,
647 1468 687 1525 ut
708 1461 791 1524 mihi
808 1459 1002 1538 videbatur,
1024 1459 1213 1523 matutinas
1236 1478 1299 1522 au-

347 1561 482 1625 diturus
504 1561 641 1644 perrexi
657 1581 666 1640 3
696 1561 821 1643 quibus
838 1579 860 1623 a
874 1567 1050 1624 conventu
1071 1558 1231 1637 initiatis,
1245 1578 1297 1622 se·

348 1661 478 1724 niorem
501 1661 673 1742 quendam
697 1661 853 1724 vestibus
875 1659 963 1724 albis
984 1660 1142 1723 indutum
1164 1658 1201 1721 in
1217 1677 1297 1723 ves-

348 1759 458 1824 tibulo
482 1759 636 1823 ecclesiae
661 1760 800 1824 obvium
823 1758 940 1836 habui,
966 1760 1026 1842 qni
1050 1777 1140 1822 unus
1162 1777 1208 1821 ex
1227 1758 1298 1821 illis

348 1866 424 1923 erat
451 1877 473 1923 a
500 1878 569 1941 quo
591 1865 692 1922 nocte
715 1858 923 1941 praecedenti
945 1858 1145 1940 disciplinas
1167 1858 1298 1939 accepi,

348 1977 451 2040 quem
481 1965 567 2022 nutu
595 1957 699 2022 solito
726 1959 770 2022 ad
796 1957 944 2022 dandam
968 1958 1052 2021 mihi
1080 1954 1298 2039 disciplinam

347 2057 502 2123 invitans
533 2057 723 2140 capitulum
750 2057 973 2139 ingredimur,
999 2063 1035 2123 et
1055 2056 1130 2120 voti
1158 2076 1301 2140 compos

348 2156 490 2221 effectus
517 2158 561 2221 ad
588 2157 777 2221 oratorium
799 2155 961 2221 redimus.
1014 2156 1114 2220 Tunc
1136 2156 1232 2220 solus
1254 2156 1300 2220 ad

349 2256 460 2320 altare
476 2256 560 2320 mihi
586 2256 774 2320 insomnis
800 2263 961 2321 vocatum
981 2255 1205 2338 progrediens
1229 2256 1299 2320 cal-

349 2362 530 2435 ceamenta
559 2356 714 2437 deposui,
751 2356 964 2437 genibusque
996 2354 1033 2418 in
1065 2356 1302 2438 pavimentum

351 2453 452 2519 flexis
470 2455 514 2519 ad
538 2454 653 2519 locum
669 2455 776 2536 tendi,
791 2456 851 2518 ubi
865 2454 1107 2538 inveniendam
1122 2456 1299 2520 audieram

350 2573 486 2617 crucem
504 2553 708 2620 Salvatoris
761 2553 885 2618 Inveni
901 2573 990 2632 earn,
1004 2554 1094 2618 sicut
1109 2554 1192 2617 mihi
1212 2575 1302 2637 prae-

351 2651 480 2717 dictum
504 2651 630 2731 iuerat,
654 2659 690 2717 et
711 2672 794 2717 mox
818 2659 912 2717 totus
935 2653 972 2717 in
993 2653 1190 2737 lachrymas
1206 2674 1302 2718 reso·

350 2752 446 2817 lutus
481 2772 692 2834 corporeque
718 2758 793 2816 toto
815 2752 852 2815 in
875 2759 1003 2818 terram
1027 2760 1224 2836 prostratus
1248 2755 1302 2836 ip·

350 2871 425 2915 sam
454 2851 676 2917 devotissime
708 2851 876 2932 adoravi3
915 2852 1029 2917 denuo
1062 2853 1207 2934 genibus
1237 2854 1303 2917 im-

350 2953 479 3034 pressis
496 2952 541 3016 ad
558 2952 692 3016 vultum
705 2952 879 3032 imaginis
899 2972 1026 3035 oreque
1044 2958 1079 3015 et
1099 2953 1207 3016 oculis
1224 2972 1301 3017 eam

350 3050 567 3128 deosculans,
589 3051 626 3114 in
646 3050 794 3114 frontem
815 3051 899 3113 mihi
921 3053 1033 3116 sentio
1055 3058 1176 3133 guttas
1197 3072 1303 3135 quas-

350 3149 430 3212 dam
448 3149 603 3214 suaviter
623 3150 825 3226 instillasse,
848 3157 883 3214 et
903 3151 1031 3233 digitos
1053 3150 1241 3216 admovens
1255 3172 1302 3217 ex

351 3249 475 3312 rubore
491 3249 695 3330 sanguinem
713 3248 943 3332 deprehendi;
971 3251 1044 3315 vidi
1066 3257 1235 3332 praeterea
1256 3271 1303 3316 ex

352 3346 460 3411 latere
490 3349 648 3412 crucifixi
674 3350 725 3413 ita
751 3368 907 3413 cruorem
935 3368 1108 3428 emanare,
1140 3357 1180 3416 ut
1212 3352 1302 3417 solet

351 3447 425 3511 vivi
447 3447 595 3511 hominis
617 3467 708 3512 vena
729 3448 965 3530 phlebotomia
985 3450 1105 3514 incisa.
1158 3451 1303 3534 Suscepi

352 3553 468 3610 autem
488 3565 592 3610 manu
606 3566 684 3611 mea
702 3555 789 3629 quot
804 3549 921 3612 nescio
944 3556 1064 3632 guttas
1080 3549 1302 3629 distillantes,

351 3651 387 3709 et
411 3645 536 3710 exinde
556 3646 687 3724 oculoS,
716 3666 817 3711 aures
844 3655 879 3710 et
903 3668 1005 3713 nares
1029 3650 1153 3715 devote
1181 3651 1301 3733 linivi3

349 3752 537 3826 postremo,
555 3764 600 3810 an
616 3747 652 3810 in
670 3747 735 3812 hoc
760 3749 974 3830 peccaverim
996 3749 1174 3832 ignorans,
1197 3770 1302 3814 unam

348 3843 505 3927 ejusdem
524 3847 705 3928 sanguinis
728 3854 863 3928 guttam
884 3867 927 3911 ex
949 3848 1055 3912 nimio
1076 3850 1191 3913 cordis
1212 3850 1303 3914 desi-

348 3941 443 4007 derio
465 3946 646 4031 deglutivi,
668 3947 838 4030 reliquum
861 3967 957 4025 vero,
976 3949 1069 4032 quod
1095 3949 1228 4032 pugillo
1247 3970 1303 4015 re·

349 4061 521 4126 ceperam,
530 4065 670 4111 servare
686 4047 848 4111 decrevi!

669 4195 678 4227 ¹
689 4189 758 4264 Nic]
775 4196 783 4224 ‘
795 4186 869 4245 Non’
879 4196 905 4244 in
917 4197 974 4248 MS.
