2858 4876
313 377 379 442 366
568 393 703 440 nocam
727 394 775 440 nn
798 394 1005 442 wunnovnn

154 570 209 610 so.
221 570 277 609 121⁶.
315 569 476 615 coronam
496 548 635 631 Angliee
657 550 732 613 sine
756 549 939 613 baronibus
963 548 1066 612 alicui
1086 549 1168 612 dare
1192 569 1262 612 non

314 651 440 734 potuit,
466 650 580 732 potnit
603 656 717 713 tamen
741 648 912 713 dimittere
935 667 1031 729 eam;
1065 667 1169 730 quam
1192 657 1265 713 sta-

314 751 477 814 timeum
501 749 701 831 resignavit,
725 767 787 811 rex
816 766 892 811 esse
920 747 1032 824 desiit,
1062 755 1097 811 et
1119 768 1264 829 regnum

314 851 389 913 sine
411 869 492 931 rege
515 849 665 913 vacavit.
718 847 859 911 Vacans
881 846 1000 930 itaque
1021 866 1166 929 regnum
1189 848 1263 912 sine

314 949 500 1013 baronibus
530 947 680 1028 ordinari
712 968 779 1011 non
811 947 958 1027 debuit3
995 946 1087 1011 unde
1115 948 1262 1011 barones

315 1048 495 1130 elegerunt
519 1047 694 1112 dominum
726 1046 948 1111 Lodowicum
980 1047 1114 1111 ratione
1144 1049 1264 1111 uxoris

316 1167 402 1226 snae,
428 1147 529 1231 cujus
549 1155 672 1223 mater,
695 1147 817 1230 regina
838 1146 969 1212 scilieet
993 1145 1167 1224 Castellee,
1188 1149 1265 1211 sola

316 1267 361 1312 ex
388 1249 547 1311 omnibus
570 1247 734 1311 fratribus
759 1255 794 1312 et
813 1245 987 1310 sororibus
1010 1247 1103 1328 regis
1125 1245 1265 1328 Angliee

316 1347 437 1412 vivens
457 1347 547 1412 snit!
597 1347 698 1410 Tune
719 1347 858 1428 legatus
879 1346 1072 1429 proposuit,
1087 1346 1179 1429 quod
1202 1367 1264 1410 rex

317 1446 340 1510 J
343 1447 498 1510 ohannes
522 1453 599 1512 erat
622 1465 724 1510 eruce
752 1447 923 1529 signatus
947 1446 1040 1510 unde
1067 1466 1113 1510 ex
1136 1447 1265 1510 consti-

317 1547 450 1611 tutione
477 1547 649 1628 generalis
674 1547 811 1611 concilii
841 1566 959 1629 pacem
990 1546 1117 1610 habere
1147 1545 1266 1611 debuit

318 1664 427 1727 usque
452 1645 489 1708 in
518 1653 668 1728 quatuor
690 1665 813 1723 annos,
841 1653 876 1710 et
900 1647 1018 1710 omnia
1044 1648 1109 1710 sub
1130 1653 1267 1729 protec-

318 1747 414 1809 tione
440 1745 531 1810 sedis
557 1746 756 1828 apostolicae
778 1765 901 1810 secura
922 1765 1143 1829 permanere;
1174 1746 1266 1810 unde

318 1845 430 1909 medio
458 1853 611 1928 tempore
644 1845 847 1911 Lodowieus
879 1866 948 1909 non
977 1846 1094 1910 debuit
1121 1865 1266 1910 werram

317 1944 410 2008 dicto
444 1944 519 2027 regi
548 1964 699 2022 movere,
732 1965 795 2009 nec
825 1964 904 2008 eum
927 1964 950 2008 a
977 1965 1084 2026 regno
1117 1945 1266 2027 privare.

317 2042 374 2107 Ad
402 2044 477 2108 haec
504 2052 707 2126 procurator
732 2043 909 2109 Lodowici
937 2045 1127 2127 respondit,
1156 2045 1266 2108 ‘Rex

317 2142 342 2206 J
344 2144 498 2207 ohannes
520 2152 602 2209 ante
621 2162 756 2208 erucem
779 2151 953 2226 sumptam
975 2164 1121 2209 werram
1151 2164 1268 2209 move·

318 2251 375 2308 rat
396 2243 535 2309 domino
562 2243 760 2321 Lodowico,
780 2251 816 2308 et
838 2251 990 2308 castrum
1016 2245 1058 2308 de
1086 2244 1267 2308 Buncbam

319 2344 501 2407 obsederat
527 2351 563 2407 et
584 2343 670 2406 illud
697 2344 939 2423 destruxerat3
963 2342 1085 2407 Ariam
1109 2345 1267 2408 similiter

319 2450 458 2526 ceperat
479 2451 515 2508 et
536 2462 581 2507 ex
603 2444 757 2507 maxima
775 2451 877 2525 parte
901 2443 997 2507 illam
1020 2444 1267 2521 combusserat,

320 2549 355 2606 et
381 2543 461 2606 inde
494 2543 621 2606 milites
657 2543 786 2607 multos
821 2550 855 2607 et
886 2544 1075 2608 servientes
1109 2544 1267 2626 captivos

320 2642 494 2706 abducens
526 2642 637 2706 adbuc
670 2643 802 2707 detinet
829 2641 1086 2722 incarceratos3
1115 2650 1267 2707 eastnrm

320 2760 458 2824 quoque
488 2741 531 2805 de
564 2741 669 2806 Liens
698 2742 834 2806 obsedit
863 2749 899 2806 et
923 2743 971 2805 ibi
1002 2743 1130 2807 multos
1160 2744 1268 2807 inter·

320 2839 423 2921 iecit3
447 2841 648 2905 comitatum
670 2842 713 2906 de
731 2841 871 2919 Gisnes,
889 2843 949 2923 qui
971 2842 1014 2906 de
1036 2843 1119 2924 ligio
1139 2842 1266 2906 domini

321 2939 498 3004 Lodowici
517 2940 618 3006 feodo
640 2949 705 3018 est,
727 2940 818 3005 ferro
839 2948 875 3005 et
891 2941 1032 3006 flamma
1049 2941 1266 3020 devastavit;

320 3047 357 3104 et
379 3040 491 3103 adbuc
513 3040 618 3104 etiam
641 3048 721 3123 post
742 3060 878 3105 crucem
901 3048 1074 3124 sumptam
1099 3041 1137 3105 in
1159 3061 1270 3106 werra

320 3147 376 3204 est
397 3147 519 3205 eontra
543 3140 717 3204 dominum
751 3139 987 3219 Lodowicum,
1015 3141 1106 3204 unde
1133 3141 1269 3225 justum

320 3239 448 3305 bellum
482 3246 598 3322 potest
634 3259 772 3306 movere
801 3247 923 3306 contra
954 3240 1090 3323 ipsum.'
1155 3240 1270 3323 Lega-

321 3346 378 3402 tus
409 3339 528 3421 itaque
560 3339 614 3403 bis
651 3340 843 3405 rationibus
878 3360 947 3403 non
976 3347 1160 3405 contentus
1189 3360 1270 3422 pro·

322 3437 445 3515 hibuit,
472 3439 565 3502 sicut
591 3439 700 3521 prius,
731 3440 800 3504 sub‘
828 3459 935 3521 poena
963 3440 1270 3504 excommunicati-

322 3537 410 3613 onis,
432 3557 475 3601 ne
502 3537 709 3602 Lodovvicus
733 3536 897 3621 Angliam
925 3540 1055 3604 intrare
1080 3558 1269 3623 praesume-

322 3643 387 3713 ret,
418 3643 455 3700 et
477 3644 612 3719 patrem
639 3637 728 3721 ejus,
752 3658 796 3702 ne
822 3639 938 3721 ipsum
966 3639 1016 3702 ire
1044 3640 1270 3721 permitteret.

323 3734 392 3801 His
407 3737 548 3815 auditiS,
566 3736 773 3802 Lodowicus
788 3739 880 3821 patri
895 3758 959 3802 suo
973 3738 1075 3816 dixit,
1088 3743 1098 3772 ‘
1109 3739 1271 3816 Domine,

321 3836 387 3900 etsi
413 3855 479 3919 ego
501 3836 604 3901 bomo
624 3845 739 3903 vester
763 3838 868 3920 ligius
890 3857 970 3917 sum·
989 3839 1032 3902 de
1055 3837 1156 3902 feodo
1178 3837 1271 3920 quod

320 3937 405 4001 mibi
436 3936 561 4002 dedisti
592 3937 628 3999 in
666 3937 824 4019 partibus
855 3938 1058 4015 cismarinis,
1087 3937 1131 4002 de
1164 3957 1272 4019 regno

320 4035 460 4119 Angliae
478 4037 522 4102 ad
544 4056 608 4103 vos
631 4055 701 4101 non
722 4039 872 4119 pertinet
887 4044 1041 4103 statuere
1062 4039 1271 4120 quicquam;

321 4137 412 4201 unde
435 4158 488 4202 me
509 4135 656 4221 subjicio
671 4136 804 4220 judicio
827 4139 960 4220 parium
983 4158 1151 4217 meorum,
1168 4138 1197 4201 si
1213 4137 1273 4200 de-
