2858 4876
438 388 577 437 uacans
600 388 869 437 nrsroumaun.
1058 371 1122 436 103

177 613 219 680 Ut
234 614 315 681 mm
329 617 492 684 manaem
511 618 548 683 da
564 640 689 705 corpore
710 618 837 684 adactae
847 616 990 703 manant
1008 615 1105 681 torma

461 718 616 803 patalam
631 717 805 784 intraverit.

220 836 354 903 ‘Cruoe
366 840 572 906 Dominica
562 862 600 905 m
616 841 707 906 hunc
720 842 859 907 modum
869 841 1026 919 adorata,
1035 861 1117 906 mox
1131 857 1185 897 ao
1197 861 1254 898 112⁶

170 944 261 1002 retro
276 958 332 1002 me
352 940 503 1005 sonitum
518 942 635 1007 audivi
651 961 672 1005 a
689 961 772 1007 sene
789 941 996 1019 venerando,
1013 960 1035 1005 a
1049 960 1177 1048 quoqa
1130 908 1233 998 mn
1235 959 1250 998 k
1259 959 1284 998 or

169 1044 269 1103 nocte
282 1039 499 1120 praecedente
516 1041 715 1124 disciplinas
729 1042 859 1125 accepi.
903 1040 1003 1105 Tunc
1018 1041 1118 1105 relic·
1131 1008 1245 1049 ΜΨ

171 1136 216 1201 tis
230 1137 337 1222 juxta
358 1139 470 1204 altare
487 1140 731 1205 calceamentis
754 1148 789 1205 et
810 1139 947 1218 baculo,
970 1160 1040 1222 quo
1062 1159 1119 1203 or·

72 1268 75 1273 ·
170 1235 248 1301 dine
274 1238 402 1316 nescio,
427 1239 464 1302 in
488 1240 678 1322 capitulum
702 1241 837 1317 deveni,
859 1247 994 1321 etpost
1014 1238 1118 1303 disci·

169 1335 282 1419 plinae
297 1355 362 1401 sex
375 1337 520 1418 vicibus,
533 1346 573 1404 ut
593 1341 689 1422 prius
710 1340 871 1417 feceram,
893 1339 1037 1403 iteratas
1056 1338 1118 1402 ab·

168 1435 374 1501 solutionem
389 1439 539 1521 percepi.
591 1439 676 1521 Ipso
689 1441 807 1521 itaque
827 1440 863 1502 in
885 1437 967 1503 sede
981 1438 1118 1502 abbatis

168 1533 279 1599 denuo
306 1536 490 1616 residente,
513 1539 686 1620 prostravi
709 1560 764 1603 me
787 1558 903 1603 coram
923 1558 977 1615 eo,
999 1544 1034 1602 et
1059 1556 1117 1601 ac-

169 1634 294 1698 cedeus
323 1635 369 1699 ad
401 1656 455 1700 me
484 1636 551 1703 hoo
575 1638 687 1702 solum
713 1638 816 1716 dixit,
838 1638 1015 1719 ‘Sequere
1040 1637 1117 1700 me'

168 1731 325 1818 Cumque
342 1755 396 1800 me
412 1737 580 1801 erexisset
592 1745 632 1801 ut
653 1745 793 1815 starem,
816 1739 956 1804 tenebat
978 1755 1116 1801 manum

168 1853 278 1898 meam
312 1834 472 1900 dextram
501 1843 573 1901 tam
603 1836 745 1901 firmiter
768 1856 872 1918 quam
895 1836 1031 1912 leniter,
1053 1835 1117 1900 ha·

168 1933 372 2017 buimusque
393 1935 527 2020 jugiter
557 1955 680 2000 manus
706 1943 884 2001 consertas
913 1936 1007 1999 omni
1032 1941 1118 1999 tem·

169 2052 264 2115 pore,
281 2053 351 2116 quo
367 2035 526 2100 sensibus
542 2037 697 2118 corporis
714 2043 750 2099 et
771 2043 886 2099 mente
909 2035 1032 2098 absens
1054 2033 1115 2098 fui.

168 2132 418 2199 Incedebamus
442 2135 549 2217 igitur
567 2136 734 2218 perviam
756 2135 908 2217 planam,
930 2139 1025 2197 recto
1049 2133 1117 2196 ori·

168 2233 257 2297 entis
273 2234 424 2311 tramite,
445 2253 624 2318 quousque
646 2235 865 2318 pervenimus
883 2234 921 2297 in
943 2232 1116 2314 regionem

169 2333 344 2414 quandam
364 2334 465 2397 nimis
492 2336 693 2417 spatiosam,
713 2335 791 2398 visu
813 2331 1032 2409 horrendam,
1055 2350 1117 2414 pa·

167 2431 269 2496 lustri
290 2432 361 2497 situ
384 2440 420 2497 et
441 2433 515 2499 luto
538 2435 574 2498 in
596 2435 757 2499 duritiem
787 2433 976 2515 inspissato
1005 2430 1118 2495 defor-

168 2550 266 2595 mem.
318 2532 405 2596 Erat
429 2533 478 2596 ibi
499 2533 675 2598 hominum
701 2533 775 2598 sive
801 2532 992 2597 animarum
1018 2536 1118 2594 tanta

168 2630 364 2710 multitudo,
395 2640 561 2714 quantam
593 2653 693 2697 nemo
723 2631 895 2697 sufficeret
934 2631 1118 2706 aestimare,

168 2731 275 2796 variis
296 2737 333 2795 et
353 2731 640 2797 inenarrabilibus
663 2733 823 2815 exposita
845 2729 1119 2794 immanitatibus

169 2836 442 2911 tormentorum
482 2832 530 2895 ibi
573 2839 649 2897 erat
683 2832 861 2911 utriusque
890 2847 1009 2905 saxee,
1043 2827 1119 2890 uui-

169 2948 280 2994 versae
306 2930 526 3009 conditionis,
551 2931 774 3013 professionis
798 2938 834 2993 et
859 2927 989 2993 ordinis
1017 2927 1119 2991 turba

170 3027 440 3107 innumerabilis,
477 3031 698 3112 omniumque
734 3036 954 3114 peccatorum
989 3025 1118 3090 admis-

170 3147 266 3193 sores
295 3128 442 3193 diversis
477 3130 606 3194 addicti
640 3129 818 3213 suppliciis
854 3147 919 3210 pro
948 3126 1120 3190 varietate

170 3228 421 3310 professionum
449 3236 485 3294 et
508 3230 692 3312 generibus
720 3228 935 3292 delictorum.
977 3224 1060 3288 Vidi
1084 3231 1120 3289 et

171 3327 288 3393 audivi
310 3328 467 3409 perlata
491 3329 585 3393 illius
602 3329 715 3410 campi
736 3327 865 3410 spatia,
886 3324 985 3408 cujus
1009 3329 1120 3387 metas

171 3427 268 3492 nulla
289 3427 568 3511 circumspiceret
589 3429 681 3493 acies
707 3427 896 3503 oculorum,
918 3425 1120 3487 miserorum

170 3527 294 3591 choros
310 3528 551 3592 miserabiliter
570 3528 672 3592 nimis
691 3525 868 3591 turmatim
887 3524 1063 3599 collectoS,
1085 3528 1122 3585 et

170 3627 341 3709 gregatim
363 3627 544 3691 criminum
558 3627 734 3710 parilitate
749 3632 784 3690 et
798 3624 1051 3708 professionum
1074 3621 1122 3684 si·

170 3726 365 3791 militudine
388 3727 607 3805 constrictos,
629 3727 758 3811 pariter
773 3733 808 3790 et
824 3730 974 3789 aestuare
993 3729 1028 3786 et
1050 3721 1120 3786 dis-

170 3825 329 3891 similiter
347 3826 413 3890 sub
435 3846 619 3909 poenarum
641 3825 787 3890 cumulis
809 3824 951 3908 ejulare.
1004 3819 1121 3898 Quos-

170 3944 317 4008 cumque
333 3923 405 3990 vidi
422 3946 485 4008 pro
502 3927 775 4008 quibuscumque
797 3923 949 4006 peccatis
964 3919 1122 3994 afflictos,

170 4024 301 4108 liquido
328 4026 550 4090 advertebam
574 4033 610 4096 et
635 4025 769 4108 peccati
801 4042 918 4087 eorum
951 4037 1062 4103 genus
1088 4024 1123 4081 et

171 4124 310 4191 modum
331 4133 367 4191 et
391 4125 640 4190 satisfactionis
661 4124 877 4207 qualitatem,
900 4141 982 4204 qua,
1005 4118 1061 4183 vel
1080 4117 1123 4179 de
