2858 4876
416 395 556 442 neonus
581 396 850 444 ursroarnnuu.
1040 384 1105 450 317

153 554 223 617 rint
238 551 294 615 vel
311 552 530 633 nequiverint
545 553 723 629 interesse,
746 559 858 616 ratum
882 553 1051 618 habeatur
1071 566 1104 621 et
1120 575 1174 614 nn.
1186 577 1242 614 1215.

152 652 288 715 firmum
317 650 410 732 quod
440 650 552 733 major
584 671 666 732 pars
692 671 809 715 eorum
838 653 1029 733 providerit
1051 657 1106 719 vel

153 749 369 832 praeceperit,
394 769 435 813 ac
461 749 491 811 si
517 768 634 813 omnes
653 750 775 833 viginti
801 751 952 833 quinque
979 752 1015 814 in
1039 753 1106 818 hoc

153 849 421 913 consensissent.
457 847 502 910 Et
513 848 637 928 viginti
651 851 804 930 quinque
815 850 961 912 barones
974 851 1106 933 jurent,

154 947 246 1028 quod
282 947 398 1010 omnia
430 946 606 1010 antedicta
635 947 782 1011 fideliter
810 949 1042 1012 observabunt
1072 959 1107 1015 et

154 1065 218 1126 pro
235 1052 309 1109 toto
326 1063 429 1126 posse
445 1063 509 1107 suo
524 1044 651 1108 sacient
666 1045 864 1122 observari3
888 1054 923 1110 et
936 1067 998 1110 nos
1022 1048 1105 1111 nihil

154 1144 424 1226 impetrabimus,
450 1163 513 1224 per
538 1162 601 1205 nos
626 1162 688 1206 nec
709 1164 771 1225 per
793 1145 911 1220 alium,
933 1165 994 1225 per
1013 1148 1105 1227 quod

157 1242 288 1325 aliquid
306 1243 451 1306 istarum
468 1243 727 1305 concessionum
747 1250 782 1306 et
795 1243 991 1306 libertatum
1007 1264 1104 1309 revo-

157 1349 256 1405 cetur
268 1348 330 1404 aut
345 1340 540 1419 minuatnr;
564 1348 611 1416 et,
631 1342 661 1403 si
680 1341 810 1423 aliquid
833 1343 903 1404 tale
925 1341 1029 1407 fuerit
1043 1345 1107 1406 im·

156 1447 343 1522 petr-atum,
369 1439 505 1501 irritum
531 1439 577 1502 sit
602 1446 637 1502 et
666 1441 781 1516 inane,
805 1447 840 1504 et
864 1460 1040 1524 nunquam
1065 1463 1106 1506 eo

156 1546 294 1603 utemur
310 1558 372 1620 per
388 1556 452 1601 nos
467 1537 522 1600 vel
539 1557 601 1619 per
625 1538 742 1602 alium.
795 1539 842 1601 Et
855 1559 974 1603 omnes
997 1543 1107 1604 malas

157 1638 368 1712 voluntates,
383 1645 419 1700 et
433 1636 699 1718 indignationes,
714 1645 750 1701 et
766 1656 927 1702 rancores
945 1647 1040 1704 ortos
1054 1641 1106 1703 in-

157 1744 298 1800 ternos
326 1743 362 1799 et
386 1735 540 1798 homines
565 1744 702 1800 nostros
727 1737 870 1799 clericos
896 1743 931 1799 et
953 1738 1060 1801 laicos
1086 1759 1108 1802 a

158 1842 313 1916 tempore
337 1834 531 1911 discordiae,
555 1835 655 1916 plene
677 1835 835 1898 omnibus
858 1836 1050 1899 remisimus
1072 1844 1107 1900 et

160 1934 441 1998 condonavimus.
472 1933 529 2009 Et,
546 1934 590 1995 ad
606 1932 728 1995 melius
741 1933 1013 2013 distringendum
1031 1955 1106 2012 nos,

160 2040 311 2115 quatuor
328 2032 520 2106 castellani,
535 2032 576 2094 de
596 2031 802 2095 Norhantou
817 2032 960 2108 scilicet,
975 2032 1018 2095 de
1034 2033 1106 2096 Ke-

160 2130 392 2206 nillewurche,
417 2130 459 2195 de
482 2129 731 2212 Nothingham,
756 2136 790 2193 et
816 2130 859 2193 de
883 2130 1106 2208 Scardeburc‚

159 2237 261 2294 erunt
275 2229 385 2313 jurati
402 2228 527 2310 viginti
547 2228 698 2310 quinque
720 2228 919 2305 baronibus,
942 2229 1033 2311 quod
1055 2231 1106 2293 fa·

160 2329 253 2393 cient
269 2329 311 2392 de
333 2327 456 2391 castris
479 2327 654 2409 praedictis
679 2328 770 2411 quod
793 2327 859 2409 ipsi
881 2328 1107 2410 praeceperint

161 2435 196 2490 et
218 2427 469 2503 mandaverint,
485 2425 540 2489 vel
563 2426 675 2508 major
696 2446 776 2509 pars
799 2446 940 2503 eorum;
967 2435 1003 2491 et
1018 2428 1106 2490 tales

161 2545 296 2609 semper
319 2524 499 2589 castellani
525 2532 699 2606 ponantur
727 2527 762 2587 in
792 2525 861 2588 illis
885 2527 1020 2601 castris,
1047 2527 1106 2608 qni

160 2624 278 2688 fideles
291 2624 362 2687 sint
371 2632 407 2688 et
418 2623 528 2687 nolint
539 2625 733 2704 transgredi
743 2624 979 2708 juramentum
993 2644 1104 2688 suum.

162 2723 208 2788 Et
235 2742 298 2787 nos
326 2723 559 2789 amovebimus
588 2743 705 2787 omnes
731 2724 942 2805 alienigenas
971 2743 992 2786 a
1014 2731 1107 2787 terra

161 2829 293 2897 nostra,
316 2828 476 2904 parentes
505 2841 623 2885 omnes
650 2821 790 2885 Girardi
815 2823 858 2886 de
880 2822 1016 2899 Athies,
1039 2824 1106 2886 En·

161 2921 339 3003 galardum
351 2920 493 2998 seilicet,
511 2921 699 2997 Andream,
716 2920 871 2999 Petrum,
889 2921 1046 3004 Gyonem
1065 2922 1107 2985 de

162 3019 364 3096 Chauceles,
380 3019 538 3102 Gyonem
555 3020 597 3083 de
616 3019 767 3100 Ciguini,
789 3039 932 3083 uxorem
953 3020 1108 3103 praedicti

164 3118 304 3183 Girardi
325 3138 403 3181 oum
424 3120 582 3181 omnibns
606 3118 720 3181 liberis
744 3119 827 3194 suis,
844 3117 1049 3181 Gaulridum
1065 3120 1108 3181 de

165 3217 340 3282 Martenni
371 3225 406 3281 et
434 3217 559 3280 fratres
590 3217 677 3300 ejus,
708 3216 908 3298 Philippum
942 3217 1041 3280 Marc
1073 3225 1108 3281 et

164 3316 288 3381 fratres
313 3315 401 3398 ejus,
423 3327 457 3378 et
479 3314 525 3378 G.
549 3322 708 3396 nepotem
734 3315 821 3397 ejus,
848 3315 1044 3392 Falconem,
1073 3323 1108 3379 et

165 3416 395 3479 Flandrenses
412 3433 530 3477 omnes
546 3421 581 3477 et
599 3414 784 3494 ruptarios
802 3414 862 3495 qui
883 3414 1023 3476 suntad
1046 3422 1108 3477 no-‘

162 3521 358 3578 cumentum
383 3513 490 3592 regni.
543 3512 719 3575 Praeterea
740 3531 858 3575 omnes
885 3512 1109 3593 transgressi·

164 3632 248 3677 ones
270 3612 381 3677 factas
401 3612 580 3675 occasione
600 3611 703 3693 hujus
726 3610 905 3674 discordiae
928 3629 948 3673 a
972 3611 1110 3675 Pascha

162 3717 352 3786 transacto,
382 3709 473 3791 quod
501 3709 568 3772 snit
591 3728 682 3773 anno
713 3710 811 3790 regni
841 3710 950 3772 nostri
978 3711 1109 3774 decimo

163 3818 276 3884 sexto,
302 3808 478 3890 usquead
501 3809 589 3871 hanc
613 3827 730 3888 pacem
755 3807 987 3884 reformatam,
1010 3809 1110 3890 plene

164 3909 356 3973 remisimus
377 3907 534 3969 omnibns
556 3907 689 3969 clericis
703 3913 738 3969 et
753 3906 862 3982 laicis,
880 3913 927 3981 et,
944 3913 1110 3987 quantum

164 4009 206 4071 ad
223 4026 285 4070 nos
303 4005 461 4088 pertinet,
478 4006 578 4086 plene
593 4005 875 4068 condonavimus.
912 4004 958 4066 Et
973 4005 1113 4085 insuper

164 4105 306 4170 fecimus
321 4105 391 4168 illis
406 4104 479 4166 fieri
502 4104 621 4169 literas
645 4102 892 4167 testimoniales
907 4108 941 4165 et
955 4107 1112 4183 patentes
