2858 4876
461 379 505 444 60
719 396 853 444 uocum
877 397 925 444 nn
948 397 1154 447 wnuuovuu

298 575 421 617 auum.
460 579 500 624 ra
519 579 565 623 ex
586 558 726 640 obliquo
746 559 933 636 sulcantes,
958 579 1037 623 cum
1057 560 1167 624 tribus
1188 565 1330 622 tautum
1353 577 1425 623 na-

459 660 560 723 vibus
585 659 687 723 tertio
712 658 780 736 die,
801 678 928 722 aurora
946 658 1022 742 jam
1043 659 1221 735 rutilante,
1245 659 1282 722 in
1306 665 1424 741 portu

458 759 482 822 J
484 778 597 841 oppeu
619 758 839 840 appulerunt.
890 757 1097 821 Salaadinus
1117 759 1256 822 interim
1277 757 1424 820 crebris

459 858 648 921 assultibus
668 859 788 921 urbem
804 857 880 941 jam
901 864 1052 939 ceperat,
1079 864 1185 940 atque
1211 875 1335 921 omues
1360 857 1423 919 iu-

459 957 576 1020 firmos
605 974 646 1020 ac
677 957 887 1033 vulneratos,
915 957 975 1038 qui
1010 956 1136 1020 ibidem
1165 975 1238 1039 prae
1266 955 1424 1020 lassitu-

459 1056 539 1119 dine
564 1057 803 1132 substiterant,
832 1056 959 1119 milites
984 1063 1200 1138 peremerat;
1232 1062 1268 1118 et
1300 1055 1421 1120 auda·

458 1155 567 1219 ciores
586 1156 749 1238 quinque,
766 1174 854 1237 quos
872 1175 936 1219 rex
953 1155 1079 1219 ibidem
1096 1155 1141 1218 ob
1160 1154 1315 1219 civitatis
1332 1173 1423 1219 cus-

457 1254 588 1318 todiam
612 1262 787 1338 posuerat,
808 1255 928 1318 urbem
950 1254 1145 1318 deserentes
1167 1255 1204 1318 in
1223 1255 1419 1319 castellum

457 1374 534 1418 sese
552 1361 767 1436 receperunt,
788 1373 829 1418 ac
846 1356 936 1418 inter
954 1372 992 1417 se
1010 1353 1053 1417 de
1070 1353 1243 1417 reddendo
1260 1354 1419 1418 castello

457 1461 706 1530 tractaverunt,
717 1460 902 1535 antequam
912 1453 1082 1517 violenter
1096 1473 1159 1534 per
1169 1452 1341 1516 assultum
1353 1472 1420 1518 ca-

455 1559 635 1633 perentur3
662 1553 753 1634 quod
777 1560 813 1616 et
834 1553 991 1617 celeriter
1014 1552 1187 1627 iecissent,
1208 1551 1275 1614 uisi
1297 1570 1321 1615 a
1348 1571 1417 1635 pa-

456 1651 617 1728 triarcha,
650 1652 710 1732 qui
741 1652 831 1715 iuter
863 1659 1047 1734 utrumque
1078 1651 1267 1714 exercitum
1297 1650 1416 1718 libere

454 1751 749 1833 progrediebatur,
763 1753 1062 1832 praemunirentur,
1079 1751 1269 1815 exercitum
1282 1749 1417 1818 Salaa-

455 1850 527 1912 dini
545 1849 725 1915 devovisse
743 1870 861 1914 omues
883 1851 955 1915 fore
975 1849 1192 1928 occidendos,
1210 1851 1254 1914 ob
1272 1850 1416 1918 vindic-

455 1954 527 2011 tam
558 1950 742 2012 amicorum
770 1957 805 2013 et
832 1957 1015 2032 parentum
1045 1969 1198 2028 suorum,
1224 1968 1313 2032 quos
1343 1973 1415 2018 rex

454 2045 647 2130 Anglorum
673 2048 830 2130 pluribus
854 2049 929 2131 Jam
955 2050 991 2111 iu
1017 2049 1102 2114 locis
1126 2049 1414 2115 immisericordi·

453 2155 506 2211 ter
527 2147 804 2224 detruncaverat,
824 2148 890 2211 etsi
909 2149 1050 2212 liberam
1074 2167 1096 2211 a
1113 2147 1299 2212 Salaadino
1318 2151 1413 2216 abe·

453 2247 537 2310 uudi
559 2247 734 2311 licentiam
762 2247 987 2329 accepissent.
1039 2246 1094 2310 Ob
1121 2248 1186 2312 hoc
1210 2249 1248 2311 in
1270 2267 1411 2331 magno

451 2347 572 2410 mortis
591 2346 787 2410 discrimine
812 2347 1003 2424 constituti,
1026 2345 1109 2428 quid
1130 2354 1272 2429 agerent
1295 2346 1409 2415 haesi-

450 2447 584 2522 tabant,
616 2446 768 2510 hostium
796 2447 1078 2510 numerositatem
1102 2465 1144 2509 ac
1171 2445 1406 2530 ferocitatem,

448 2563 658 2628 suorumque
685 2545 907 2629 paucitatem,
936 2564 1069 2608 necnon
1092 2552 1128 2608 et
1153 2545 1196 2608 de
1221 2546 1409 2614 subventi-

449 2662 514 2706 one
539 2645 631 2725 regis
654 2643 867 2722 diffidentes3
896 2643 969 2721 sed,
989 2663 1066 2707 cum
1084 2664 1199 2726 regem
1220 2646 1406 2728 appulisse

448 2751 696 2824 coguoverunt,
719 2744 920 2807 audaciores
941 2742 1054 2807 effecti
1077 2762 1152 2806 sese
1169 2745 1315 2809 viriliter
1340 2748 1406 2812 de-

447 2840 643 2907 fendebant.
686 2842 768 2906 Rex
789 2849 916 2920 autem,
936 2863 981 2906 ex
1001 2843 1101 2924 gravi
1121 2843 1283 2907 conflictu
1303 2846 1406 2910 obsi-

447 2940 601 3005 dentium
626 2942 757 3024 pariter
778 2949 813 3005 et
833 2943 1050 3006 obsessorum
1075 2943 1187 3007 sciens
1215 2943 1404 3012 castellum

446 3040 599 3105 civitatis
628 3041 780 3104 nondum
808 3041 914 3105 fuisse
944 3049 1095 3124 captum,
1123 3043 1282 3124 protinus
1314 3062 1402 3111 cum

446 3139 519 3202 suis
537 3139 580 3202 de
599 3141 681 3204 navi
699 3148 853 3204 armatus
872 3141 956 3222 agili
974 3140 1064 3205 saltu
1087 3141 1270 3224 prosilivit,
1288 3148 1402 3226 atque

446 3236 536 3300 inter
551 3238 683 3301 medias
701 3239 850 3303 hostium
867 3247 1037 3316 catervas,
1055 3241 1152 3305 velut
1168 3241 1222 3306 leo
1239 3240 1404 3307 furibun-

445 3335 510 3399 dus
526 3355 548 3399 a
563 3336 696 3400 dextris
713 3345 748 3400 et
761 3356 783 3400 a
799 3339 947 3403 sinistris
963 3346 1193 3421 prosternens,
1211 3359 1249 3403 se
1265 3341 1403 3406 audac·

446 3442 499 3498 ter
520 3436 690 3516 ingessit3
721 3437 821 3519 cujus
851 3439 1068 3501 subitaneum
1100 3440 1266 3521 impetum
1286 3438 1404 3507 anci

444 3554 515 3597 non
537 3534 697 3612 serentes,
720 3543 919 3618 reputantes
943 3544 978 3600 et
1001 3539 1099 3601 illum
1124 3537 1404 3606 numerosiorem

446 3632 633 3697 adduxisse
653 3633 855 3712 exercitum,
873 3638 916 3699 ab
934 3637 1111 3700 obsidione
1127 3638 1263 3701 concito
1281 3639 1404 3719 gradu

445 3732 640 3814 diffugiunt,
661 3741 780 3797 mutuo
798 3753 835 3797 se
850 3735 893 3798 ad
907 3736 1024 3816 fugam
1043 3737 1263 3800 cohortantes
1280 3744 1316 3801 et
1335 3740 1404 3803 ad-

444 3839 585 3895 ventum
599 3833 727 3896 inimici
743 3834 834 3914 regis
849 3835 1066 3916 inopinatum
1084 3837 1127 3898 ad
1143 3838 1288 3901 invicem
1304 3856 1401 3902 nun-

444 3929 572 3995 tiantes
586 3952 596 4011 ;
612 3931 720 3995 uude
742 3933 871 3996 iactum
895 3934 1061 4016 estquod
1084 3955 1106 3998 a
1128 3936 1212 4018 iuga
1241 3935 1405 4004 cohiberi

443 4049 512 4093 non
527 4038 687 4112 poterant
704 4032 813 4095 donec
827 4033 1088 4115 ingrederentur
1107 4034 1291 4098 Ramulam
1309 4036 1402 4103 civi-

443 4135 562 4208 tatem,
577 4130 763 4197 Salaadino
783 4132 820 4194 in
837 4153 939 4197 curru
962 4153 1026 4197 suo
1045 4154 1147 4198 cursu
1162 4134 1282 4216 rapido
1298 4154 1401 4217 prae-
