2858 4876
312 401 379 464 334
573 415 707 462 noonnr
732 416 779 462 nn
802 413 1010 462 wunnovna

153 587 275 677 ssfflg
315 574 464 639 vandum
491 573 703 637 obsidionem
727 571 951 647 advenerant,
972 578 1008 633 et
1025 587 1130 650 quam
1152 567 1264 650 turpi-

152 688 217 728 cutle
230 689 302 728 taken
315 681 368 738 ter
397 682 431 737 et
453 672 681 755 ignominiose
710 671 896 747 redierant,
926 669 1090 734 audacior
1122 667 1265 731 effectus

314 774 408 837 misit
434 773 614 855 praedones
644 771 807 854 undique,
838 771 899 853 qui
920 769 1088 834 victualia
1116 768 1160 831 ad
1187 787 1265 830 sus-

315 874 543 937 tentationem
566 872 740 935 exercitus
762 871 1011 946 conducerent3
1039 888 1102 932 neo
1125 868 1264 930 interim

313 972 434 1036 diebus
457 980 519 1036 aut
536 972 695 1036 noctibus
721 971 856 1053 requies
885 969 958 1033 ulla
980 969 1130 1033 dabatur
1151 967 1263 1030 inclu-

313 1074 381 1151 sis3
405 1092 485 1135 nam
505 1073 596 1135 inter
617 1071 749 1152 lapides
766 1071 994 1153 petrariarum
1014 1076 1049 1132 et
1064 1066 1263 1143 fundarum,

312 1173 404 1235 inter
417 1173 619 1252 sagittarios
635 1190 676 1234 ac
692 1171 762 1235 tela
778 1170 1044 1245 balistariorum,
1059 1186 1081 1231 a
1095 1167 1264 1231 militibus

312 1279 348 1334 et
377 1272 604 1335 servientibus
635 1271 831 1334 creberrimi
864 1270 992 1333 fiebant
1013 1267 1175 1343 insultus,
1211 1267 1264 1330 ita

312 1372 416 1452 quod,
436 1372 513 1434 istis
539 1370 641 1434 modo
663 1371 815 1447 lassatis,
842 1370 903 1433 alii
928 1370 973 1434 ad
996 1388 1123 1432 novum
1141 1385 1261 1430 succe-

312 1469 440 1533 debant
456 1471 641 1547 insultum3
665 1470 754 1532 inter
771 1470 834 1533 has
850 1477 965 1533 autern
983 1466 1260 1531 vicissitudinum

310 1569 521 1632 mutationes
542 1568 674 1633 obsessi
698 1571 851 1651 requiem
873 1588 942 1632 non
964 1568 1146 1632 habehant.
1201 1565 1262 1628 In-

311 1669 397 1732 clusi
424 1688 561 1751 quoque
595 1669 636 1732 de
668 1669 841 1747 baronum,
866 1668 1091 1733 subventione
1121 1665 1260 1748 penitus

311 1768 484 1850 desperati
508 1769 742 1832 imminentem
761 1770 827 1832 sibi
845 1775 991 1832 mortem
1012 1766 1147 1830 differre
1167 1774 1260 1829 sata-

312 1870 451 1950 gebant,
474 1868 664 1932 timuerunt
685 1869 776 1931 enim
801 1888 870 1932 non
895 1867 1112 1932 mediocriter
1137 1867 1259 1930 crude-

311 1967 444 2032 litatem
465 1968 576 2049 regis3
602 1967 703 2045 unde,
722 1988 765 2032 ne
784 1968 885 2032 inulti
900 1968 1153 2042 occumberent,
1172 1975 1260 2031 stra·

311 2087 389 2149 gem
404 2087 473 2130 non
487 2068 655 2131 modicam
672 2069 904 2132 assilientibus
920 2067 1122 2131 intulerunt.
1169 2065 1258 2131 Pro·

311 2168 460 2230 trahitur
486 2168 623 2249 quidem
652 2168 770 2231 multis
799 2169 919 2231 diebus
947 2166 1080 2231 obsidio
1110 2185 1182 2248 proe
1205 2167 1259 2230 ni-
1341 2193 1344 2199 ·

310 2267 381 2330 mia
398 2267 610 2331 inclusorum
630 2267 801 2348 probitate
819 2276 853 2332 et
869 2267 1027 2343 audacia,
1048 2266 1107 2348 qui
1124 2266 1259 2348 lapides

310 2385 373 2448 pro
393 2366 577 2449 lapidibus,
599 2367 668 2430 tela
690 2387 753 2448 pro
774 2367 864 2444 telis,
885 2366 1077 2430 mortaliter
1096 2367 1258 2430 emitten-

310 2473 363 2529 tes
384 2466 501 2531 hostes
524 2486 546 2529 a
568 2486 665 2530 muro
688 2474 723 2530 et
742 2467 1011 2550 propugnaculis
1033 2466 1172 2548 longius
1201 2485 1258 2529 ar·

308 2585 386 2631 cere
415 2567 614 2646 vacabant3
650 2567 809 2649 denique,
843 2587 920 2632 cum
951 2567 1131 2630 innumera
1154 2569 1257 2633 turba

310 2685 355 2728 ex
381 2667 473 2747 regis
498 2667 720 2731 multitudine
741 2668 927 2730 corruisset
947 2674 982 2730 et
999 2667 1115 2730 omnia
1136 2686 1256 2730 eorum

309 2764 539 2828 instrumenta
560 2766 684 2830 bellica
701 2785 823 2848 parum
843 2766 1081 2849 profecissent,
1098 2786 1161 2830 rex
1183 2767 1256 2830 suf-

309 2863 457 2927 fossores
478 2865 646 2941 adhibuit,
664 2867 723 2948 qui
740 2866 877 2930 tandem
896 2886 1059 2948 magnam
1079 2885 1255 2931 murorum

308 2970 571 3044 prostraverunt
601 2965 804 3047 portionem.
873 2966 1047 3048 Denique,
1078 2964 1254 3031 alimentis

307 3062 449 3126 inclusis
473 3063 724 3143 deficientibus,
747 3084 855 3148 equos
882 3084 963 3130 suos
990 3072 1026 3129 et
1056 3065 1253 3131 dextrarios

307 3164 476 3243 pretiosos
509 3165 551 3228 de
586 3165 791 3229 necessitate
821 3166 998 3230 comedere
1027 3167 1254 3246 cogebantur.

307 3261 406 3325 Tunc
428 3264 515 3345 regii
534 3264 661 3328 milites
680 3265 725 3328 ad
743 3285 918 3329 murorum
939 3265 1108 3329 scissuras
1130 3272 1254 3346 poten-

306 3367 360 3424 ter
386 3363 621 3440 convolantes
646 3364 796 3428 insultus
825 3365 1011 3428 acerrimos
1044 3372 1188 3446 agentes
1218 3373 1255 3431 et

306 3463 500 3539 continuos,
519 3471 720 3527 nontamen
739 3465 813 3527 sine
833 3484 971 3529 suornm
989 3463 1127 3540 damno,
1142 3465 1254 3528 inclu-

306 3579 363 3625 sos
381 3569 533 3626 castrum
548 3562 705 3627 deserere
723 3572 923 3646 coegerunt.
976 3563 1111 3642 Quibus
1129 3566 1253 3631 turrim

305 3660 483 3742 ingressis,
516 3662 603 3744 regii
635 3664 762 3728 milites
795 3664 838 3727 ad
873 3664 1041 3728 scissuras
1076 3684 1251 3729 murorum

257 3766 265 3770 “
305 3768 458 3825 castrum
481 3763 652 3826 intrantes
674 3763 832 3827 hostibus
856 3765 982 3828 acriter
1001 3764 1251 3846 insurgebant3

305 3860 366 3923 sed
383 3860 579 3925 Willelmus
602 3861 646 3926 de
663 3861 832 3928 Albeneio
859 3883 937 3928 oum
959 3864 1252 3929 commilitonibus

304 3960 388 4036 suis,
415 3961 532 4025 multis
560 3981 604 4025 ex
635 3962 685 4026 eis
712 3962 914 4042 interfectis,
945 3965 1041 4027 exire
1067 3963 1109 4027 de
1135 3972 1252 4031 castro

305 4056 418 4124 denuo
448 4061 699 4144 compulerunt.
753 4063 887 4128 Deinde
915 4085 990 4141 rex,
1018 4063 1182 4128 adhibitis
1206 4065 1252 4130 ad

308 4160 428 4222 turrim
457 4160 699 4224 suffossoribus
722 4169 758 4226 et
777 4163 883 4227 muris
903 4164 985 4228 licet
1007 4182 1084 4226 cum
1109 4163 1254 4228 difficul-
