2858 4876
336 394 402 462 116
602 410 737 459 nocunr
761 402 809 459 uu
831 409 1038 459 wuuuovun

176 586 305 629 undula
338 563 429 636 Mihi
454 576 570 634 autem
594 570 783 636 certissime
809 575 959 647 constat,
984 570 1076 653 quod
1098 568 1196 632 locus
1218 567 1289 643 ille,

173 638 297 779 {siffik
305 685 328 726 ot
338 689 441 754 quem
469 670 640 747 videbam,
672 690 742 734 non
772 677 848 733 erat
877 670 1000 733 caelum
1026 669 1201 745 caelorum,
1230 667 1289 730 ubi

196 747 233 779 ⁷⁰⁸
285 758 292 777 ⁶
338 769 512 835 videbitur
530 769 626 833 Deus
642 768 782 834 deorum
802 771 837 832 in
853 769 949 846 Sion,
968 770 1070 832 sicuti
1089 769 1197 831 estin
1216 787 1290 830 ma·

335 869 465 953 jestate
487 888 572 948 sua3
597 869 657 932 sed
676 868 768 946 inde,
789 876 922 932 remota
937 868 1012 952 jam
1034 868 1127 932 omni
1145 865 1289 931 difficul-

342 975 415 1033 tate
431 975 466 1034 et
484 968 660 1045 dilatione,
679 968 876 1033 ascenditur
892 968 936 1031 ad
953 968 1076 1031 caelum
1092 966 1176 1030 illud
1193 974 1290 1030 aeter-

341 1088 396 1132 nae
420 1067 571 1133 Deitatis
591 1068 723 1133 visione
745 1069 895 1132 beatum.
949 1067 992 1130 In
1017 1066 1082 1130 hac
1104 1063 1220 1130 tamen
1237 1066 1290 1130 vi-

340 1167 438 1234 sione
459 1174 592 1231 tantum
614 1167 745 1231 laetitiae
771 1175 807 1231 et
824 1165 955 1248 gaudii,
979 1173 1115 1230 tantum
1131 1165 1290 1248 jucundi-

341 1264 425 1331 tatis
445 1267 560 1330 animo
586 1266 727 1349 concepi
749 1274 785 1330 et
806 1265 1044 1342 exultationis,
1067 1272 1107 1329 ut
1127 1265 1290 1348 quicquid

340 1366 493 1431 humana
514 1366 682 1448 explicari
708 1373 824 1449 potest
849 1365 1020 1429 industria
1042 1366 1155 1428 minus
1178 1365 1224 1427 sit
1246 1364 1290 1427 ad

341 1465 601 1548 exprimendum
626 1465 738 1531 cordis
761 1465 829 1530 mei
851 1465 1027 1547 gaudium,
1049 1464 1143 1549 quod
1165 1463 1290 1527 ibidem

340 1564 501 1651 percepi.'
554 1624 557 1629 .

432 1740 474 1806 Ut
489 1742 569 1806 idem
585 1744 748 1809 monachos
764 1744 810 1808 ad
823 1764 932 1829 corpus
948 1742 1211 1838 reductassuerit.

391 1865 479 1930 ‘His
498 1867 606 1949 igitur
628 1876 662 1932 et
685 1868 762 1932 aliis
788 1869 977 1932 innumeris
992 1868 1077 1932 visis
1099 1874 1135 1930 et
1152 1864 1292 1941 auditis,

340 1973 481 2032 sanctus
500 1966 666 2031 Nicolaus
683 1967 767 2030 mihi
784 1967 936 2032 breviter
954 1975 1008 2031 est
1024 1967 1181 2045 locutus3
1205 1964 1292 2027 ‘Ec-

338 2054 403 2141 'ce,'
422 2066 548 2149 inquit,
566 2066 650 2143 ‘fili,
668 2067 743 2150 jam
766 2086 829 2149 pro
851 2074 964 2149 parte,
981 2074 1021 2130 ut
1038 2066 1168 2148 petisti,
1185 2063 1292 2127 seculi

340 2172 483 2242 statum,
510 2166 664 2248 pericula
688 2167 888 2243 errantium,
915 2165 1085 2248 supplicia
1110 2164 1292 2240 malorum,

340 2273 567 2349 purgatorum
590 2264 752 2348 quietem,
771 2265 900 2345 gaudia
922 2286 1052 2343 eorum,
1076 2265 1136 2349 qui
1154 2264 1229 2348 jam
1247 2263 1291 2326 ad

341 2364 417 2431 caeli
460 2363 590 2429 curiam
626 2365 846 2448 perveniunt,
891 2365 1063 2447 passionis
1100 2363 1292 2428 Dominicae

341 2466 517 2548 mysteria,
534 2473 574 2529 ut
595 2465 657 2529 tibi
677 2465 742 2529 fuit
756 2466 919 2546 possibile
935 2464 1159 2548 conspexisti.
1211 2463 1234 2527 J
1237 2482 1293 2526 am

340 2563 406 2628 tibi
425 2564 469 2628 ad
489 2571 568 2628 tuas
592 2565 700 2629 seculi
721 2565 931 2629 redeundum
957 2572 1010 2628 est
1029 2581 1187 2647 pugnas3
1215 2583 1293 2646 per·

340 2662 448 2745 cipies
465 2670 593 2741 autem,
609 2665 639 2727 si
654 2666 929 2746 perseveraveris
939 2664 985 2733 ,in
1003 2665 1124 2728 timore
1140 2663 1293 2740 Domini,

340 2780 420 2844 quae
443 2763 553 2827 oculis
579 2764 649 2827 tuis
670 2764 799 2841 vidisti,
823 2771 858 2827 et
883 2764 992 2828 multo
1014 2763 1068 2827 his
1091 2762 1244 2847 majora,
1263 2764 1292 2826 si

341 2881 485 2945 corpore
516 2863 738 2928 immaculato
769 2870 804 2929 et
827 2864 930 2944 corde
956 2865 1131 2927 innocenti
1162 2863 1293 2931 ultimae

341 2963 535 3027 vocationis
553 2963 643 3026 diem
661 2971 731 3027 tuae
753 2963 926 3027 studueris
942 2962 1161 3048 praestolari.³
1200 2962 1294 3029 Dum

341 3060 455 3131 adhuc
469 3082 603 3125 mecum
620 3062 707 3126 talia
723 3062 933 3146 loqueretur,
945 3063 1059 3127 subito
1070 3062 1188 3126 audire
1203 3062 1295 3145 coepi

342 3160 524 3225 classicum
556 3162 652 3225 mirae
684 3163 881 3241 suavitatis,
909 3163 1010 3246 quasi
1036 3162 1145 3227 totius
1175 3162 1294 3225 mundi

343 3278 532 3341 campanae,
550 3261 606 3325 vel
631 3263 794 3344 quicquid
821 3282 982 3327 sonorum
1009 3270 1073 3340 est,
1096 3281 1166 3326 una
1191 3261 1294 3325 simul

342 3358 539 3440 pulsatione
556 3368 807 3426 concuteretur.
860 3362 904 3425 In
929 3362 993 3426 hoc
1021 3363 1165 3426 classico
1190 3361 1295 3425 mira·

342 3457 433 3523 bilis
447 3459 603 3523 suavitas
625 3468 661 3524 et
677 3462 774 3526 varia
795 3462 951 3526 melodiae
973 3463 1170 3545 permixtio,
1196 3481 1295 3543 mag-

343 3556 498 3623 nitudine
517 3577 562 3622 an
577 3560 757 3625 dulcedine
781 3563 897 3625 nescio
920 3561 998 3643 plus
1022 3559 1194 3643 stupenda
1215 3561 1293 3625 fuit.

344 3654 400 3719 Ad
417 3663 487 3721 tam
503 3658 680 3724 insolitum
699 3669 816 3725 autem
839 3660 995 3724 auditum
1017 3659 1165 3724 sollicite
1180 3660 1294 3724 inten-

344 3761 401 3820 tus
424 3775 465 3820 ac
487 3759 629 3823 nimium
662 3761 776 3825 auimo
801 3779 1001 3843 suspensus,
1023 3780 1106 3837 mox
1127 3768 1167 3824 ut
1194 3759 1298 3824 desiit

345 3855 468 3934 audiri,
491 3858 624 3925 aducis
641 3860 708 3922 mei
726 3861 892 3924 comitatu
906 3860 1092 3924 destitutus
1110 3859 1180 3938 fui3
1211 3861 1295 3924 viri-

345 3954 477 4039 busque
507 3958 661 4040 corporis
689 3959 911 4023 redeuntibus
935 3967 970 4023 et
998 3960 1109 4023 oculis
1132 3960 1169 4021 in
1195 3978 1296 4024 usum

343 4054 482 4124 videndi
504 4056 701 4139 patefactis,
721 4059 875 4140 pristinae
898 4059 1114 4141 aegritudinis
1136 4060 1297 4124 molestia

333 4152 498 4222 ‚funditus
521 4156 634 4220 deleta
655 4175 696 4220 ac
715 4156 893 4224 debilitate
912 4159 1050 4241 penitus
1067 4158 1222 4237 exclusa,
1238 4179 1297 4234 va-
