2858 4876
395 419 535 469 neonus
558 419 829 469 msronmauu.
1028 400 1092 468 133

140 595 337 661 proponens
357 596 420 662 per
439 583 679 662 procuratores
699 599 792 656 suos,
815 599 853 643 se
875 579 1241 689 11111111111111ᾋῐξ>1ι4131ξί11

143 683 195 740 ter
216 695 294 742 cum
316 698 398 761 rege
422 678 612 762 Anglorum
635 699 852 763 componere,
872 680 928 745 vel
950 699 1012 763 per
1037 681 1090 744 in·
1104 692 1190 731 1111111
1242 718 1247 726 -

142 775 263 841 ducias
286 778 369 843 belli
391 778 573 845 discrimen
591 780 635 843 ad
652 787 789 863 tempus
806 780 953 858 differre,
971 788 1010 844 nt
1029 800 1092 863 per

142 875 299 942 inducias
316 878 427 961 ipsius
453 881 661 945 auctoritate
678 880 834 944 firmatas
849 900 951 944 cruce
970 888 1092 945 sancta

140 976 271 1058 signati
288 980 469 1062 utriusque
488 980 586 1061 regni
603 989 687 1044 vota
712 999 784 1044 suae
804 980 1091 1063 peregrinationis

144 1076 220 1141 Deo
248 1079 444 1160 persolvere
467 1088 502 1144 et
520 1087 646 1144 terram
678 1080 914 1163 promissionis
941 1081 985 1144 ab
1011 1079 1091 1144 hos·

143 1177 237 1241 tibus
254 1177 421 1243 Crucifixi
440 1180 598 1257 liberare,
615 1179 724 1263 ipsius
741 1188 949 1262 cooperante
965 1181 1093 1262 gratia,

144 1277 357 1360 potuissent;
381 1287 428 1356 et,
446 1287 486 1344 ut
503 1280 569 1344 hoc
591 1281 777 1344 securitate
799 1288 834 1344 et
851 1280 969 1344 stabili
985 1280 1091 1344 firmi·

144 1384 216 1442 tate
241 1379 352 1456 fieret,
376 1380 568 1463 postulavit
598 1400 675 1457 rer,
698 1389 737 1445 ut
763 1380 913 1463 aliquem
935 1381 1093 1445 cardina-

142 1476 208 1541 lem
227 1479 477 1544 transmitteret
493 1500 570 1545 cum
591 1487 764 1563 potestate
782 1481 937 1562 plenaria
952 1481 996 1544 ad
1012 1500 1092 1564 par·

144 1584 197 1642 tes
222 1577 424 1655 occidentis
437 1581 506 1664 >qni
530 1587 660 1663 posset,
683 1580 714 1644 si
732 1583 921 1646 necessitas
941 1589 1093 1661 cogeret,

144 1696 206 1761 per
239 1681 448 1745 sententiam
477 1681 532 1744 vel
565 1680 787 1745 interdictum
821 1682 856 1744 in
887 1683 1091 1745 alterutrum

143 1797 261 1843 eorum
292 1779 577 1854 animadvertere,
604 1801 705 1864 quem
737 1781 781 1844 ad
812 1781 1030 1845 concordiam
1058 1787 1094 1845 et

144 1896 264 1960 pacem
281 1879 453 1945 inveniret
472 1881 647 1946 rebellem.
693 1880 761 1943 His
781 1888 816 1945 et
833 1881 910 1944 aliis
925 1882 1043 1944 multis
1057 1881 1093 1943 in

145 1977 244 2044 bunc'
260 1980 401 2043 modum
431 1982 630 2064 propositis,
648 1980 885 2045 'Innocentius
908 2000 1011 2063 papa,
1033 1981 1093 2062 qui

145 2079 321 2161 negotium
338 2081 450 2145 crucis
472 2080 656 2164 plurimum
674 2080 870 2156 affectabat,
888 2079 965 2162 plus
982 2081 1094 2162 pretio

146 2198 249 2262 quam
272 2179 433 2263 precibus
455 2180 616 2246 inductus
640 2181 735 2244 misit
754 2179 896 2242 Petrum
913 2178 956 2242 de
973 2178 1095 2261 Capua

145 2279 367 2358 cardinalem,
384 2288 425 2344 ut
445 2300 566 2363 pacem
583 2281 674 2345 inter
696 2298 795 2360 reges
813 2286 1020 2343 memoratos
1039 2298 1093 2343 re-

146 2378 311 2445 formaret
327 2401 336 2459 3
360 2381 433 2464 qui,
452 2401 530 2444 curn
550 2381 763 2463 pervenisset
787 2379 831 2443 ad
849 2399 965 2460 regem
985 2379 1092 2442 Fran⁴

147 2500 278 2558 corum,
309 2481 422 2564 ipsius
456 2481 599 2545 consilio
628 2481 816 2562 assumpsit
845 2498 961 2544 secum
991 2498 1095 2561 quos-

148 2581 227 2644 dam
256 2582 438 2664 episcopos
466 2583 646 2663 utriusque
674 2581 784 2662 regni,
805 2581 1017 2663 veniensque
1051 2570 1115 2643 ad'

149 2699 263 2764 regem
285 2678 481 2763 Anglorum
505 2682 669 2764 exposuit
688 2682 720 2744 ei
742 2688 874 2763 quanta
898 2681 1041 2745 sinistra
1060 2681 1097 2744 in

148 2782 265 2863 regnis
299 2789 524 2864 utrorumque
553 2801 674 2863 regum
706 2781 915 2858 acciderant,
948 2786 1097 2862 quanta-

149 2900 217 2964 que
241 2891 389 2946 ventura
413 2890 512 2947 erant
534 2883 600 2945 nisi
628 2883 721 2945 inter
746 2899 806 2944 eos
833 2900 905 2963 pax
928 2878 1097 2943 maturius

150 2981 357 3049 firmaretur.
422 2982 499 3046 Rex
537 2989 653 3045 autem
688 2979 885 3045 Richardus
921 2980 1098 3062 respondit

150 3101 227 3148 cum
247 3082 497 3166 indignatione,
519 3083 636 3146 dicens
662 3100 699 3145 se
724 3081 767 3144 de
786 3080 867 3164 jure
891 3101 960 3144 non
988 3081 1097 3145 teneri

151 3202 214 3265 pro
244 3183 322 3265 ipso
352 3201 443 3265 papa
473 3183 658 3265 quicquam
680 3182 806 3259 facere,
830 3175 997 3244 ¹maxime
1021 3199 1098 3243 cum

152 3283 196 3347 ab
219 3302 260 3347 eo
282 3283 458 3354 multoties
482 3283 680 3365 requisitus,
701 3290 741 3346 ut
762 3301 825 3364 per
845 3299 1025 3344 censuram
1047 3301 1100 3344 ec-

153 3381 383 3463 clesiasticam
416 3401 531 3464 regem
559 3383 770 3447 Francorum
805 3381 1027 3463 compelleret
1056 3380 1098 3443 ad

156 3483 364 3547 reddendum
381 3482 447 3546 sibi
464 3490 575 3546 terras
594 3502 677 3546 suas
692 3489 728 3565 et
743 3481 898 3557 castella,
916 3499 995 3563 quae
1010 3478 1100 3543 idern

155 3601 217 3647 rex
245 3583 375 3667 injuste
394 3590 637 3665 occupaverat,
660 3589 777 3665 spreto
790 3581 1000 3665 juramento,
1020 3579 1102 3642 dum

156 3682 230 3765 ipse
251 3683 288 3747 in
310 3690 402 3747 terra
423 3683 661 3764 promissionis
680 3683 837 3745 inimicos
856 3681 970 3743 crucis
987 3678 1104 3761 depel-

157 3782 226 3847 lere
244 3790 280 3848 et
299 3782 377 3847 loca
399 3791 521 3847 sancta
538 3783 582 3846 ad
600 3788 729 3845 statum
752 3782 906 3844 debitum
925 3780 1106 3844 studuerat

194 3939 335 3993 ¹Mooeime.
353 3942 365 4006 ]
382 3940 446 3995 ‚Tho
479 3942 620 4004 remaining
647 3956 721 4003 pope,
732 3941 779 3989 has
796 3943 858 3990 been
874 3941 935 3989 here
951 3941 1071 4001 omitted;
1089 3941 1109 3989 it

160 4016 217 4075 part
235 4011 265 4060 ol'
283 4012 325 4061 the
344 4017 470 4074 sentence,
491 4012 621 4060 ‘maxime
648 4011 721 4060 could
737 4013 805 4073 only,
816 4011 944 4070 however,
955 4012 1018 4059 have
1035 4012 1109 4072 been,

160 4098 217 4133 cum
234 4083 310 4132 abeo
325 4084 453 4131 multoties
469 4077 622 4142 requisitus‚’
648 4082 693 4130 ‘id
711 4080 792 4130 iacere
811 4081 975 4144 neglexerat,'
985 4096 1013 4129 or
1027 4081 1111 4129 words

158 4158 216 4215 eto,
231 4153 375 4214 containing
392 4152 434 4201 the
454 4167 530 4201 cause
544 4152 572 4201 oi
581 4152 625 4200 Ri·
650 4152 702 4201 oia
714 4152 810 4201 similar
820 4153 919 4214 impert.

159 4219 258 4274 rbard’s
282 4222 438 4287 indignation
462 4223 560 4284 against
583 4221 624 4270 the
