2858 4876
310 393 354 463 46
560 404 765 459 nocensne
789 399 1000 459 wnunovu'n'

149 589 205 630 ιιι.
216 591 272 630 rm.
288 585 296 614 ·-
312 590 390 653 gem
408 570 452 635 de
472 570 694 635 nobilioribus
714 569 896 634 Saracenis
917 567 981 634 illo
1000 568 1067 643 die,
1086 568 1121 633 in
1137 566 1274 650 vigilia

311 671 424 736 beatae
443 670 578 748 Mariae,
593 686 701 754 prope
718 667 888 735 Assuram
910 668 1078 747 lecerunt,
1096 676 1270 753 quantam

311 771 518 837 Salaadinus
554 771 787 854 quadraginta
824 770 924 836 annis
962 770 1148 834 transactis
1189 789 1267 834 non

312 864 477 937 sustinuit
494 892 565 937 uno
580 872 646 937 die.
684 871 820 937 Deinde
834 870 858 936 J
860 891 986 955 oppon,
1004 871 1081 936 Deo
1098 870 1266 949 ducente,

311 973 551 1055 pervenientes
581 972 700 1037 villam
726 971 872 1036 ¹fossatis
903 979 939 1036 et
971 972 1077 1035 muris
1109 971 1268 1036 firmavi·

312 1092 409 1154 mus3
433 1072 469 1136 in
495 1074 674 1157 proposito
699 1071 878 1149 habentes,
903 1073 1111 1156 ubicumque
1134 1072 1271 1163 poteris

312 1174 585 1256 muszattingera
601 1172 873 1238 Christianitatis
890 1174 1066 1255 negotium
1082 1191 1146 1256 pro
1160 1191 1269 1256 posse

312 1281 432 1340 nostro
447 1293 660 1357 promovere.
685 1272 773 1340 Post
789 1274 880 1338 diem
894 1293 977 1339 vero
993 1273 1170 1358 praedictae
1184 1288 1269 1338 con³

312 1375 457 1440 fusionis
484 1395 555 1440 non
585 1382 639 1441 est
669 1393 775 1438 ausus
800 1363 1009 1439 ‘Salaadinus
1039 1394 1117 1439 cum
1144 1373 1269 1439 chris-

312 1475 419 1539 tianis
460 1476 616 1540 cominus
653 1474 828 1558 congredi,
865 1470 924 1539 sed
956 1475 1001 1539 ad
1040 1465 1269 1540 trucidandos

313 1577 424 1641 crucis
454 1577 596 1653 amicoS,
624 1576 714 1641 sicut
741 1595 824 1640 oves
857 1575 1050 1654 occisionis,
1080 1575 1272 1640 insidiatur

161 1708 163 1711 ·
195 1714 203 1758 χ
313 1673 447 1741 occulte
474 1677 574 1759 quasi
592 1677 648 1741 l'eo
673 1677 710 1740 in
737 1668 903 1759 spelunca
926 1695 1001 1743 sua.
1052 1663 1272 1741 Audito'au-

312 1784 383 1840 tem
403 1777 495 1860 qnod
518 1796 581 1841 nos
601 1776 646 1841 ad
664 1775 817 1842 Ascalon
842 1785 978 1841 maturo
999 1797 1122 1859 gressu
1144 1777 1272 1842 tende·

190 1862 194 1871 ’
312 1896 440 1955 remus,
461 1879 573 1961 ipsam
595 1878 720 1942 evertit
741 1884 776 1942 et
798 1878 842 1943 ad
864 1885 992 1942 terram
1015 1877 1171 1943 funditus
1187 1897 1272 1961 prod

313 1979 452 2057 stravit,
476 1969 656 2061 totamque
673 1978 820 2062 Syriam,
833 1978 934 2062 quasi
951 1979 1059 2043 totius
1079 1978 1214 2044 consilii
1232 1986 1273 2045 et

314 2080 436 2143 auxilii
457 2073 626 2143 beneficio
650 2079 848 2156 destitutus,
867 2079 943 2163 J‘am
970 2078 1155 2143 deserit-et
1180 2087 1272 2143 oon-'

314 2181 458 2261 temnit;
487 2178 578 2245 unde
601 2181 701 2244 bonae
724 2180 988 2262 spei-sumimus
1011 2186 1273 2262 argumentum,

315 2278 407 2362 quod
428 2281 465 2344 in
491 2281 598 2358 brevi,
626 2280 777 2345 Domino
799 2287 984 2356 annuente,
1009 2269 1145 2363 plenius
1168 2269 1274 2345 recu-

218 2459 222 2466 ·
314 2378 492 2465 perabitnr
504 2377 689 2446 haereditus
707 2380 859 2445 Domini.
880 2380 1031 2460 valete,
1046 2381 1185 2446 valete!
1205 2370 1210 2394 ²

317 2517 328 2527 „
407 2533 450 2620 Ut
466 2546 520 2622 ree
535 2554 716 2622 libhardus
729 2555 865 2630 Henrioo
881 2555 1048 2642 coponem,
1062 2577 1189 2643 regumn
1266 2541 1271 2611 ἶ

620 2656 820 2724 Hierusalem
836 2657 964 2723 dederit.
1038 2723 1040 2727 ,

155 2795 204 2835 Han
179 2805 236 2844 ιιιι
368 2777 524 2847 Reverso
538 2779 659 2866 igitur,
678 2788 717 2846 nt
731 2775 934 2867 praedictum
949 2789 1016 2859 est,
1033 2781 1126 2864 apud
1144 2779 1273 2847 Ptolo

154 2847 234 2936 ci‘ini‘
156 2906 309 2996 mappam.
278 2882 467 2946 emaidam
494 2901 577 2966 rege
607 2882 797 2960 Richardo,
825 2882 920 2948 dedit
946 2876 1119 2948 ¹Heurico
1146 2884 1272 2984 nepoti

155 2997 282 3037 Jerusalem
316 3001 380 3047 sno
395 3000 539 3066 regnum
563 2983 920 3068 Hierosolymitannm
943 3002 1021 3047 cum
1044 3002 1154 3047 uxore
1175 2980 1273 3047 mar-

316 3083 416 3148 chisii
447 3085 489 3149 de
518 3084 656 3151 Monte·
660 3084 832 3163 Ferrario,
854 3090 977 3167 utpote
999 3082 1135 3149 haerede
1157 3074 1271 3149 totius

316 3184 427 3267 regni,
458 3205 584 3259 sorore
607 3185 683 3271 ejus
711 3186 834 3268 regina
862 3183 1120 3249 Hierusalem
1105 3204 1181 3269 Jam
1207 3184 1272 3249 de-

316 3285 446 3352 functa
500 3286 595 3360 Huic
617 3304 755 3369 quoque
776 3285 925 3350 libenter
946 3285 1069 3350 annuit
1084 3284 1200 3349 Guido
1222 3285 1270 3350 de

317 3385 499 3463 Lezinant,
521 3387 613 3451 olim
628 3404 691 3449 rex
720 3385 872 3470 ejusdem
898 3386 1017 3468 regni3
1043 3405 1107 3486 pro
1131 3385 1270 3450 stabili·

315 3495 391 3552 tate
407 3487 504 3570 pacis
530 3485 660 3552 collata
672 3481 740 3549 sibi
761 3486 877 3551 insula
893 3486 1013 3570 Cypri,
1027 3498 1131 3569 quam
1146 3505 1167 3551 a
1174 3497 1270 3568 rege

316 3587 441 3651 insulae
463 3586 628 3672 ejusdem
639 3605 750 3668 nuper
770 3605 897 3668 guerra
914 3607 976 3652 rex
991 3577 1185 3670 Anglornni
1204 3588 1271 3651 ob·

315 3688 480 3766 tinuerat,
508 3687 584 3771 ejus
613 3686 775 3769 homagio
800 3688 881 3752 inde
908 3694 1058 3771 recepto.
1111 3679 1271 3752 Merchiss

316 3789 391 3852 sius
414 3795 533 3853 antem·
554 3801 666 3871 nuper
691 3788 734 3850 ab
757 3789 924 3853 Assisinis
951 3788 1133 3852 Saracenis
1160 3788 1270 3852 inter·

317 3886 429 3952 lectus
458 3898 511 3954 est
540 3887 635 3972 apud
662 3886 817 3971 Tyrum,
853 3890 945 3954 unde
969 3902 1114 3972 reguum
1139 3880 1271 3954 'Hiero‘

317 4031 464 4124 ¹Henric
451 4068 568 4133 curpett
578 4067 644 4133 ruo]
668 4057 780 4132 cogges-
798 4071 862 4131 888,
878 4070 929 4119 and
947 4037 1071 4142 Bernard.
1073 4048 1205 4120 Tilesuur.
1217 4069 1269 4120 col.

315 4107 385 4201 liale,
401 4130 449 4191 eol.
464 4145 520 4191 820.
550 4137 675 4203 Compare
694 4136 780 4189 Hore-
805 4144 862 4206 815.
935 4202 950 4209 Ἴ
1027 4202 1030 4205 Δ

315 4211 375 4310 den,
395 4226 423 4274 p
444 4214 502 4274 716,
520 4209 584 4259 witlr
606 4208 727 4272 vniam,
751 4227 778 4272 p
859 4257 863 4263 ,
942 4238 944 4242 v
