2858 4876
324 391 369 453 16
580 405 713 453 uocum
739 407 785 452 nn
807 406 1013 454 wannovnn

160 577 285 623 ΛΜΨ.
324 569 474 631 duxerat
497 569 532 630 in
556 587 719 646 uxorem3
751 567 843 651 quod
870 566 1012 630 audiens
1037 566 1186 647 legatus,
1214 585 1275 649 ap

324 668 547 749 pellationem
566 686 664 730 suam
682 666 897 731 confirmavit
915 673 950 729 et
966 673 1092 729 terram
1114 685 1211 729 snam
1229 667 1273 728 ab

323 766 507 832 interdicto
524 767 708 831 relaxavit.

365 942 499 1005 Decimo
507 962 590 1026 pars
604 962 708 1004 norom
725 941 770 1004 ool
780 938 1001 1005 subventionem
1016 950 1103 1002 tolnae
1117 949 1230 1003 sancta

652 1040 687 1102 in
701 1040 822 1126 Amulio
839 1040 944 1103 datar.

159 1175 292 1267 {meno
374 1161 519 1230 Eodem¹
542 1173 696 1248 tempore
713 1166 846 1230 decima
867 1183 947 1247 pars
962 1183 1075 1227 rernm
1096 1164 1273 1228 mobilium

253 1255 258 1265 ’
322 1266 529 1346 generaliter
548 1284 713 1329 concessa
735 1285 797 1347 per
814 1263 989 1345 Angliam,
1009 1271 1045 1327 et
1065 1263 1211 1328 collecta
1226 1265 1272 1329 ad

321 1366 582 1429 subventionem
614 1373 715 1429 terrae
745 1372 889 1440 sanctae,
916 1372 986 1428 tam
1011 1363 1139 1427 clerum
1165 1383 1271 1447 quam

321 1464 487 1546 populum
513 1466 695 1528 exactione
715 1464 868 1528 violenta
888 1464 1085 1545 perterruit,
1104 1483 1182 1546 quae
1205 1465 1270 1527 sub

321 1563 546 1647 eleemosynae
585 1564 686 1628 titulo
723 1565 844 1628 vitium
884 1564 1085 1646 rapacitatis
1116 1564 1269 1627 inclusit.

321 1663 449 1727 Eodem
469 1672 622 1747 tempore
641 1663 835 1727 Richardus
859 1663 1108 1757 Londoniensis
1130 1670 1165 1726 et
1179 1663 1269 1727 Wil-

319 1761 442 1827 lelmus
475 1763 624 1827 Eliensis
656 1764 755 1827 electi
785 1763 894 1845 pridie
917 1761 1084 1826 kalendas
1107 1761 1130 1825 J
1134 1762 1269 1826 aunarii

319 1862 411 1943 apud
444 1863 642 1927 Lamheiam
674 1882 797 1926 munus
828 1862 1094 1926 consecrationis
1127 1882 1268 1944 acoepe

313 1968 411 2025 runt.

361 2135 403 2200 Ut
420 2157 500 2222 repes
517 2137 717 2221 confederati
733 2145 848 2200 marom
863 2123 1003 2201 sanctam
1017 2137 1113 2200 monol
1119 2146 1223 2222 potero

623 2291 625 2295 ,
693 2235 892 2300 meminerint.

154 2371 209 2411 w·
221 2374 276 2412 ¹1⁹⁰·
366 2348 470 2422 Anno
485 2359 678 2423 Dominicae
695 2358 890 2421 nativitatis
907 2371 1020 2420 noxo.
1034 2348 1114 2418 ²rex
1133 2354 1266 2437 Anglo·

153 2421 293 2562 {efiienffi'ie
315 2477 391 2520 rum
418 2457 614 2522 Richardus
639 2459 681 2521 ad
706 2457 823 2520 natale
852 2455 993 2520 Domini
1020 2455 1087 2518 fuit
1110 2455 1146 2517 in
1173 2454 1267 2518 Nor·

154 2532 302 2620 uiffiiama
315 2556 457 2619 mannia
478 2557 571 2639 apud
596 2557 739 2634 Burum,
762 2563 797 2620 et
818 2557 866 2619 ibi
890 2555 1000 2619 tenuit
1023 2554 1174 2618 solemne
1197 2555 1265 2619 fes·

152 2621 303 2760 ffilffl
316 2661 389 2718 tum
413 2675 489 2718 cum
512 2657 714 2737 primatibus
736 2663 837 2719 terrae
857 2655 970 2732 illius3
994 2661 1029 2717 et
1051 2661 1131 2735 post
1149 2656 1265 2718 natale

248 2748 253 2759 '
316 2754 469 2818 habitum
492 2762 545 2818 est
564 2755 772 2839 colloquium
792 2756 883 2818 inter
905 2773 1004 2835 reges
1019 2752 1214 2833 Anglorum
1230 2764 1266 2818 et

317 2853 527 2917 Francorum
550 2855 592 2917 ad
618 2854 743 2919 vadum
769 2855 880 2918 sancti
907 2852 1070 2933 Remigii,
1093 2854 1150 2916 ubi
1173 2855 1265 2918 inter

315 2971 374 3016 eos
391 2954 563 3030 convenit,
581 2955 672 3036 quod
689 2955 756 3017 iter
775 2953 1131 3035 Hierosolymitanum
1148 2954 1263 3031 simul,

315 3052 461 3117 ducente
477 3053 639 3130 Domino,
656 3052 870 3135 expedirent.
925 3053 1052 3116 Forma
1069 3059 1184 3115 autem
1200 3072 1264 3135 pa-

314 3153 364 3216 cis
381 3153 417 3215 in
435 3151 524 3217 festo
547 3154 659 3217 sancti
677 3152 818 3229 Hilarii,
841 3152 1069 3234 praesentibus
1092 3151 1263 3234 episcopis

314 3260 350 3317 et
366 3253 586 3334 magnatibus
601 3253 780 3334 utriusque
798 3252 907 3332 regni,
919 3252 1079 3314 cautione
1090 3250 1264 3332 juratoria

313 3351 450 3415 firmata
468 3358 521 3415 est
540 3352 627 3417 etin
650 3353 814 3433 scriptum
832 3352 867 3413 in
886 3350 975 3413 hunc
992 3349 1129 3412 modum
1147 3350 1264 3415 redac-

314 3458 371 3529 ta3
397 3452 497 3532 ‘Ego
518 3450 713 3532 Philippus,
736 3470 798 3513 rex
824 3451 1050 3526 Francorum,
1073 3448 1263 3527 Richardo,

314 3551 387 3631 regi
413 3550 619 3632 Anglorum,
648 3551 774 3613 bonam
797 3548 896 3613 fidem
925 3549 1083 3624 servabo,
1109 3557 1148 3611 ut
1172 3549 1263 3613 fideli

314 3669 391 3712 meo
407 3657 442 3714 et
463 3650 586 3727 amico,
605 3650 737 3713 devita
759 3655 794 3712 et
811 3648 971 3711 membris
991 3655 1025 3711 et
1046 3647 1175 3711 honore
1193 3657 1263 3711 ter-

313 3757 418 3827 reno';
442 3756 477 3812 et
499 3769 563 3831 ego
591 3768 653 3812 rex
676 3747 872 3829 Anglorum
897 3746 1092 3810 Richardus
1113 3748 1262 3829 idipsum

313 3849 386 3929 regi
410 3847 622 3911 Francorum
644 3848 758 3911 iacere
778 3847 941 3929 promitto
957 3846 1000 3909 de
1017 3847 1089 3909 vita
1107 3854 1142 3909 et
1159 3866 1264 3910 mem-

349 4023 594 4090 ¹Eodemtempore.]
611 4026 774 4089 Diceto,col.
836 4021 912 4072 ’Rex
932 4023 1069 4085 Angloram
1092 4022 1261 4093 nolanum]

312 4101 369 4146 650.
801 4093 925 4154 Compare
938 4094 1069 4142 Benedict.
1088 4110 1113 4155 p.
1132 4099 1189 4159 582,
1199 4095 1262 4143 with

801 4164 902 4226 Diceto,
913 4164 961 4213 col.
974 4167 1031 4212 65⁰.
