<?xml version="1.0" encoding="UTF-8"?>
<!DOCTYPE html PUBLIC "-//W3C//DTD XHTML 1.0 Transitional//EN"
    "http://www.w3.org/TR/xhtml1/DTD/xhtml1-transitional.dtd">
<html xmlns="http://www.w3.org/1999/xhtml" xml:lang="en" lang="en">
 <head>
  <title>
</title>
<meta http-equiv="Content-Type" content="text/html;charset=utf-8" />
  <meta name='ocr-system' content='tesseract 3.04.00' />
  <meta name='ocr-capabilities' content='ocr_page ocr_carea ocr_par ocr_line ocrx_word'/>
</head>
<body>
  <div class='ocr_page' id='page_1' title='image "./rogeridewendove06rogegoog_0357.png"; bbox 0 0 2858 4876; ppageno 0'>
   <div class='ocr_carea' id='block_1_1' title="bbox 181 819 309 960">
    <p class='ocr_par' dir='ltr' id='par_1_1' title="bbox 181 819 309 960">
     <span class='ocr_line' id='line_1_1' title="bbox 181 819 304 859; baseline -0.016 0"><span class='ocrx_word' id='word_1_1' title='bbox 181 819 236 859; x_wconf 67' lang='lat' dir='ltr'><strong>ab.</strong></span> <span class='ocrx_word' id='word_1_2' title='bbox 248 819 304 858; x_wconf 81' lang='lat' dir='ltr'><strong>lala.</strong></span> 
     </span>
     <span class='ocr_line' id='line_1_2' title="bbox 181 869 304 909; baseline 0 -1"><span class='ocrx_word' id='word_1_3' title='bbox 181 870 223 909; x_wconf 79' lang='lat' dir='ltr'><strong>His</strong></span> <span class='ocrx_word' id='word_1_4' title='bbox 232 869 304 908; x_wconf 83' lang='lat' dir='ltr'><strong>march</strong></span> 
     </span>
     <span class='ocr_line' id='line_1_3' title="bbox 181 919 309 960; baseline -0.023 0"><span class='ocrx_word' id='word_1_5' title='bbox 181 919 309 960; x_wconf 78' lang='lat' dir='ltr'><strong>northward.</strong></span> 
     </span>
    </p>
   </div>
   <div class='ocr_carea' id='block_1_2' title="bbox 342 399 1039 466">
    <p class='ocr_par' dir='ltr' id='par_1_2' title="bbox 342 399 1039 466">
     <span class='ocr_line' id='line_1_4' title="bbox 342 399 1039 466; baseline -0.016 1"><span class='ocrx_word' id='word_1_6' title='bbox 342 399 408 466; x_wconf 74' lang='lat' dir='ltr'><strong>als</strong></span> <span class='ocrx_word' id='word_1_7' title='bbox 603 410 737 460; x_wconf 82' lang='lat' dir='ltr'><strong>uocum</strong></span> <span class='ocrx_word' id='word_1_8' title='bbox 761 409 809 459; x_wconf 82' lang='lat' dir='ltr'><strong>na</strong></span> <span class='ocrx_word' id='word_1_9' title='bbox 832 406 1039 458; x_wconf 80' lang='lat' dir='ltr'><strong>wnunovmr</strong></span> 
     </span>
    </p>
   </div>
   <div class='ocr_carea' id='block_1_3' title="bbox 323 553 1245 742">
    <p class='ocr_par' dir='ltr' id='par_1_3' title="bbox 323 553 1245 742">
     <span class='ocr_line' id='line_1_5' title="bbox 323 553 1245 642; baseline -0.005 -19"><span class='ocrx_word' id='word_1_10' title='bbox 323 607 326 611; x_wconf 57' lang='lat'><strong>.</strong></span> <span class='ocrx_word' id='word_1_11' title='bbox 386 559 429 624; x_wconf 84' lang='lat' dir='ltr'><strong>Ul</strong></span> <span class='ocrx_word' id='word_1_12' title='bbox 444 580 497 624; x_wconf 82' lang='lat' dir='ltr'><strong>rua</strong></span> <span class='ocrx_word' id='word_1_13' title='bbox 510 557 667 622; x_wconf 71' lang='lat' dir='ltr'><strong>solacius</strong></span> <span class='ocrx_word' id='word_1_14' title='bbox 675 566 787 642; x_wconf 77' lang='lat' dir='ltr'><strong>purius</strong></span> <span class='ocrx_word' id='word_1_15' title='bbox 801 556 926 641; x_wconf 77' lang='lat' dir='ltr'><strong>Aoplioe</strong></span> <span class='ocrx_word' id='word_1_16' title='bbox 940 553 1131 641; x_wconf 72' lang='lat' dir='ltr'><strong>aquilonales</strong></span> <span class='ocrx_word' id='word_1_17' title='bbox 1139 561 1245 640; x_wconf 58' lang='lat' dir='ltr'><strong>mbas</strong></span> 
     </span>
     <span class='ocr_line' id='line_1_6' title="bbox 550 654 1082 742; baseline -0.004 -22"><span class='ocrx_word' id='word_1_18' title='bbox 550 678 654 722; x_wconf 81' lang='lat' dir='ltr'><strong>rorum</strong></span> <span class='ocrx_word' id='word_1_19' title='bbox 668 656 900 742; x_wconf 73' lang='lat' dir='ltr'><strong>depopulationi</strong></span> <span class='ocrx_word' id='word_1_20' title='bbox 915 654 1082 720; x_wconf 79' lang='lat' dir='ltr'><strong>necaverit.</strong></span> 
     </span>
    </p>
   </div>
   <div class='ocr_carea' id='block_1_4' title="bbox 342 768 1296 1853">
    <p class='ocr_par' dir='ltr' id='par_1_4' title="bbox 342 768 1296 1853">
     <span class='ocr_line' id='line_1_7' title="bbox 405 768 1295 855; baseline -0.004 -17"><span class='ocrx_word' id='word_1_21' title='bbox 405 774 485 838; x_wconf 86' lang='lat' dir='ltr'><strong>Rex</strong></span> <span class='ocrx_word' id='word_1_22' title='bbox 499 774 606 855; x_wconf 90' lang='lat' dir='ltr'><strong>igitur</strong></span> <span class='ocrx_word' id='word_1_23' title='bbox 622 773 646 838; x_wconf 86' lang='lat' dir='ltr'><strong>J</strong></span> <span class='ocrx_word' id='word_1_24' title='bbox 649 773 801 837; x_wconf 91' lang='lat' dir='ltr'><strong>ohannes</strong></span> <span class='ocrx_word' id='word_1_25' title='bbox 821 792 843 836; x_wconf 94' lang='lat' dir='ltr'><strong>a</strong></span> <span class='ocrx_word' id='word_1_26' title='bbox 857 773 941 837; x_wconf 91' lang='lat' dir='ltr'><strong>villa</strong></span> <span class='ocrx_word' id='word_1_27' title='bbox 959 772 1073 836; x_wconf 91' lang='lat' dir='ltr'><strong>sancti</strong></span> <span class='ocrx_word' id='word_1_28' title='bbox 1093 768 1222 834; x_wconf 84' lang='lat' dir='ltr'><strong>Albani</strong></span> <span class='ocrx_word' id='word_1_29' title='bbox 1242 791 1295 834; x_wconf 88' lang='lat' dir='ltr'><strong>re-</strong></span> 
     </span>
     <span class='ocr_line' id='line_1_8' title="bbox 342 870 1295 954; baseline -0.004 -17"><span class='ocrx_word' id='word_1_30' title='bbox 342 873 468 938; x_wconf 86' lang='lat' dir='ltr'><strong>cedens</strong></span> <span class='ocrx_word' id='word_1_31' title='bbox 501 873 602 938; x_wconf 85' lang='lat' dir='ltr'><strong>duxit</strong></span> <span class='ocrx_word' id='word_1_32' title='bbox 633 893 749 937; x_wconf 90' lang='lat' dir='ltr'><strong>secum</strong></span> <span class='ocrx_word' id='word_1_33' title='bbox 783 891 902 937; x_wconf 88' lang='lat' dir='ltr'><strong>versus</strong></span> <span class='ocrx_word' id='word_1_34' title='bbox 935 873 1131 954; x_wconf 82' lang='lat' dir='ltr'><strong>aquilonem</strong></span> <span class='ocrx_word' id='word_1_35' title='bbox 1156 870 1295 935; x_wconf 89' lang='lat' dir='ltr'><strong>Willel-</strong></span> 
     </span>
     <span class='ocr_line' id='line_1_9' title="bbox 342 968 1296 1054; baseline -0.003 -17"><span class='ocrx_word' id='word_1_36' title='bbox 342 993 441 1037; x_wconf 90' lang='lat' dir='ltr'><strong>mum·</strong></span> <span class='ocrx_word' id='word_1_37' title='bbox 461 974 619 1037; x_wconf 92' lang='lat' dir='ltr'><strong>comitem</strong></span> <span class='ocrx_word' id='word_1_38' title='bbox 640 973 874 1050; x_wconf 83' lang='lat' dir='ltr'><strong>Albemarliae,</strong></span> <span class='ocrx_word' id='word_1_39' title='bbox 895 972 1095 1054; x_wconf 91' lang='lat' dir='ltr'><strong>Philippum</strong></span> <span class='ocrx_word' id='word_1_40' title='bbox 1120 971 1163 1035; x_wconf 89' lang='lat' dir='ltr'><strong>de</strong></span> <span class='ocrx_word' id='word_1_41' title='bbox 1189 968 1296 1034; x_wconf 84' lang='lat' dir='ltr'><strong>Albe-</strong></span> 
     </span>
     <span class='ocr_line' id='line_1_10' title="bbox 343 1070 1294 1153; baseline -0.002 -17"><span class='ocrx_word' id='word_1_42' title='bbox 343 1075 433 1150; x_wconf 93' lang='lat' dir='ltr'><strong>neio,</strong></span> <span class='ocrx_word' id='word_1_43' title='bbox 454 1073 477 1138; x_wconf 86' lang='lat' dir='ltr'><strong>J</strong></span> <span class='ocrx_word' id='word_1_44' title='bbox 480 1073 650 1138; x_wconf 88' lang='lat' dir='ltr'><strong>ohannem</strong></span> <span class='ocrx_word' id='word_1_45' title='bbox 674 1072 955 1148; x_wconf 88' lang='lat' dir='ltr'><strong>Mareschallum,</strong></span> <span class='ocrx_word' id='word_1_46' title='bbox 978 1079 1074 1136; x_wconf 84' lang='lat' dir='ltr'><strong>etex</strong></span> <span class='ocrx_word' id='word_1_47' title='bbox 1094 1070 1294 1153; x_wconf 83' lang='lat' dir='ltr'><strong>regionibus</strong></span> 
     </span>
     <span class='ocr_line' id='line_1_11' title="bbox 343 1167 1293 1248; baseline -0.004 -11"><span class='ocrx_word' id='word_1_48' title='bbox 343 1174 583 1237; x_wconf 85' lang='lat' dir='ltr'><strong>transmarinis</strong></span> <span class='ocrx_word' id='word_1_49' title='bbox 595 1167 604 1204; x_wconf 88' lang='lat'>¹</span> <span class='ocrx_word' id='word_1_50' title='bbox 614 1173 800 1237; x_wconf 86' lang='lat' dir='ltr'><strong>Girardum</strong></span> <span class='ocrx_word' id='word_1_51' title='bbox 811 1173 853 1236; x_wconf 90' lang='lat' dir='ltr'><strong>de</strong></span> <span class='ocrx_word' id='word_1_52' title='bbox 870 1172 1013 1248; x_wconf 91' lang='lat' dir='ltr'><strong>Soteini,</strong></span> <span class='ocrx_word' id='word_1_53' title='bbox 1024 1170 1293 1236; x_wconf 87' lang='lat' dir='ltr'><strong>Godesoballum</strong></span> 
     </span>
     <span class='ocr_line' id='line_1_12' title="bbox 343 1270 1295 1337; baseline -0.002 -2"><span class='ocrx_word' id='word_1_54' title='bbox 343 1292 421 1336; x_wconf 92' lang='lat' dir='ltr'><strong>cum</strong></span> <span class='ocrx_word' id='word_1_55' title='bbox 438 1273 707 1337; x_wconf 89' lang='lat' dir='ltr'><strong>Flandrensibus</strong></span> <span class='ocrx_word' id='word_1_56' title='bbox 730 1280 765 1336; x_wconf 88' lang='lat' dir='ltr'><strong>et</strong></span> <span class='ocrx_word' id='word_1_57' title='bbox 780 1273 968 1336; x_wconf 84' lang='lat' dir='ltr'><strong>balistariis</strong></span> <span class='ocrx_word' id='word_1_58' title='bbox 992 1278 1027 1335; x_wconf 91' lang='lat' dir='ltr'><strong>et</strong></span> <span class='ocrx_word' id='word_1_59' title='bbox 1043 1272 1122 1334; x_wconf 91' lang='lat' dir='ltr'><strong>aliis</strong></span> <span class='ocrx_word' id='word_1_60' title='bbox 1143 1270 1295 1336; x_wconf 88' lang='lat' dir='ltr'><strong>nationi·</strong></span> 
     </span>
     <span class='ocr_line' id='line_1_13' title="bbox 342 1371 1294 1454; baseline -0.001 -18"><span class='ocrx_word' id='word_1_61' title='bbox 342 1373 408 1436; x_wconf 88' lang='lat' dir='ltr'><strong>bus</strong></span> <span class='ocrx_word' id='word_1_62' title='bbox 432 1373 614 1454; x_wconf 89' lang='lat' dir='ltr'><strong>perversis,</strong></span> <span class='ocrx_word' id='word_1_63' title='bbox 637 1373 697 1454; x_wconf 93' lang='lat' dir='ltr'><strong>qui</strong></span> <span class='ocrx_word' id='word_1_64' title='bbox 719 1392 782 1436; x_wconf 90' lang='lat' dir='ltr'><strong>nec</strong></span> <span class='ocrx_word' id='word_1_65' title='bbox 806 1372 919 1435; x_wconf 92' lang='lat' dir='ltr'><strong>Deum</strong></span> <span class='ocrx_word' id='word_1_66' title='bbox 943 1373 1122 1448; x_wconf 85' lang='lat' dir='ltr'><strong>timebant,</strong></span> <span class='ocrx_word' id='word_1_67' title='bbox 1145 1390 1208 1435; x_wconf 89' lang='lat' dir='ltr'><strong>nec</strong></span> <span class='ocrx_word' id='word_1_68' title='bbox 1230 1371 1294 1435; x_wconf 94' lang='lat' dir='ltr'><strong>ho·</strong></span> 
     </span>
     <span class='ocr_line' id='line_1_14' title="bbox 343 1470 1293 1555; baseline -0.001 -20"><span class='ocrx_word' id='word_1_69' title='bbox 343 1473 454 1536; x_wconf 88' lang='lat' dir='ltr'><strong>mines</strong></span> <span class='ocrx_word' id='word_1_70' title='bbox 481 1474 752 1551; x_wconf 87' lang='lat' dir='ltr'><strong>reverebantur;</strong></span> <span class='ocrx_word' id='word_1_71' title='bbox 789 1473 860 1555; x_wconf 92' lang='lat' dir='ltr'><strong>qui,</strong></span> <span class='ocrx_word' id='word_1_72' title='bbox 885 1491 961 1535; x_wconf 92' lang='lat' dir='ltr'><strong>cum</strong></span> <span class='ocrx_word' id='word_1_73' title='bbox 990 1477 1091 1535; x_wconf 89' lang='lat' dir='ltr'><strong>nocte</strong></span> <span class='ocrx_word' id='word_1_74' title='bbox 1114 1470 1175 1534; x_wconf 93' lang='lat' dir='ltr'><strong>illa</strong></span> <span class='ocrx_word' id='word_1_75' title='bbox 1200 1471 1293 1553; x_wconf 89' lang='lat' dir='ltr'><strong>apud</strong></span> 
     </span>
     <span class='ocr_line' id='line_1_15' title="bbox 343 1571 1293 1654; baseline -0.001 -19"><span class='ocrx_word' id='word_1_76' title='bbox 343 1571 463 1635; x_wconf 90' lang='lat' dir='ltr'><strong>villam</strong></span> <span class='ocrx_word' id='word_1_77' title='bbox 483 1572 525 1634; x_wconf 88' lang='lat' dir='ltr'><strong>de</strong></span> <span class='ocrx_word' id='word_1_78' title='bbox 548 1571 765 1654; x_wconf 89' lang='lat' dir='ltr'><strong>Dunestaple</strong></span> <span class='ocrx_word' id='word_1_79' title='bbox 788 1571 966 1654; x_wconf 91' lang='lat' dir='ltr'><strong>paululum</strong></span> <span class='ocrx_word' id='word_1_80' title='bbox 989 1571 1189 1653; x_wconf 87' lang='lat' dir='ltr'><strong>quievisset,</strong></span> <span class='ocrx_word' id='word_1_81' title='bbox 1211 1578 1293 1635; x_wconf 91' lang='lat' dir='ltr'><strong>ante</strong></span> 
     </span>
     <span class='ocr_line' id='line_1_16' title="bbox 343 1670 1292 1753; baseline 0 -20"><span class='ocrx_word' id='word_1_82' title='bbox 343 1670 453 1734; x_wconf 89' lang='lat' dir='ltr'><strong>lucem</strong></span> <span class='ocrx_word' id='word_1_83' title='bbox 481 1691 625 1753; x_wconf 88' lang='lat' dir='ltr'><strong>surgens</strong></span> <span class='ocrx_word' id='word_1_84' title='bbox 650 1691 769 1736; x_wconf 88' lang='lat' dir='ltr'><strong>versus</strong></span> <span class='ocrx_word' id='word_1_85' title='bbox 797 1671 1081 1735; x_wconf 89' lang='lat' dir='ltr'><strong>Northantunum</strong></span> <span class='ocrx_word' id='word_1_86' title='bbox 1110 1671 1177 1734; x_wconf 88' lang='lat' dir='ltr'><strong>iter</strong></span> <span class='ocrx_word' id='word_1_87' title='bbox 1205 1671 1292 1734; x_wconf 90' lang='lat' dir='ltr'><strong>arri·</strong></span> 
     </span>
     <span class='ocr_line' id='line_1_17' title="bbox 343 1770 1296 1853; baseline 0.001 -20"><span class='ocrx_word' id='word_1_88' title='bbox 343 1771 431 1852; x_wconf 88' lang='lat' dir='ltr'><strong>puit,</strong></span> <span class='ocrx_word' id='word_1_89' title='bbox 452 1790 638 1853; x_wconf 89' lang='lat' dir='ltr'><strong>omnesque</strong></span> <span class='ocrx_word' id='word_1_90' title='bbox 661 1771 780 1835; x_wconf 89' lang='lat' dir='ltr'><strong>domos</strong></span> <span class='ocrx_word' id='word_1_91' title='bbox 803 1779 838 1836; x_wconf 88' lang='lat' dir='ltr'><strong>et</strong></span> <span class='ocrx_word' id='word_1_92' title='bbox 853 1771 1000 1835; x_wconf 87' lang='lat' dir='ltr'><strong>aedificia</strong></span> <span class='ocrx_word' id='word_1_93' title='bbox 1022 1772 1189 1834; x_wconf 88' lang='lat' dir='ltr'><strong>baronum</strong></span> <span class='ocrx_word' id='word_1_94' title='bbox 1207 1770 1296 1835; x_wconf 92' lang='lat' dir='ltr'><strong>divi-</strong></span> 
     </span>
    </p>
   </div>
   <div class='ocr_carea' id='block_1_5' title="bbox 343 1865 1397 1954">
    <p class='ocr_par' dir='ltr' id='par_1_5' title="bbox 343 1865 1397 1954">
     <span class='ocr_line' id='line_1_18' title="bbox 343 1865 1397 1954; baseline 0.003 -22"><span class='ocrx_word' id='word_1_95' title='bbox 343 1871 391 1933; x_wconf 91' lang='lat' dir='ltr'><strong>sis</strong></span> <span class='ocrx_word' id='word_1_96' title='bbox 414 1872 609 1952; x_wconf 86' lang='lat' dir='ltr'><strong>agminibus</strong></span> <span class='ocrx_word' id='word_1_97' title='bbox 632 1872 873 1948; x_wconf 87' lang='lat' dir='ltr'><strong>succendebat,</strong></span> <span class='ocrx_word' id='word_1_98' title='bbox 900 1871 1012 1954; x_wconf 90' lang='lat' dir='ltr'><strong>spolia</strong></span> <span class='ocrx_word' id='word_1_99' title='bbox 1034 1891 1110 1934; x_wconf 90' lang='lat' dir='ltr'><strong>cum</strong></span> <span class='ocrx_word' id='word_1_100' title='bbox 1134 1871 1294 1934; x_wconf 90' lang='lat' dir='ltr'><strong>animali·</strong></span> <span class='ocrx_word' id='word_1_101' title='bbox 1380 1865 1397 1943; x_wconf 60' lang='lat' dir='ltr'><strong><em>f</em></strong></span> 
     </span>
    </p>
   </div>
   <div class='ocr_carea' id='block_1_6' title="bbox 338 1971 1296 4154">
    <p class='ocr_par' dir='ltr' id='par_1_6' title="bbox 338 1971 1296 3946">
     <span class='ocr_line' id='line_1_19' title="bbox 343 1971 1296 2053; baseline 0.001 -20"><span class='ocrx_word' id='word_1_102' title='bbox 343 1971 407 2033; x_wconf 91' lang='lat' dir='ltr'><strong>bus</strong></span> <span class='ocrx_word' id='word_1_103' title='bbox 433 1972 602 2053; x_wconf 88' lang='lat' dir='ltr'><strong>rapiebat,</strong></span> <span class='ocrx_word' id='word_1_104' title='bbox 626 1979 730 2053; x_wconf 90' lang='lat' dir='ltr'><strong>atque</strong></span> <span class='ocrx_word' id='word_1_105' title='bbox 748 1973 885 2036; x_wconf 90' lang='lat' dir='ltr'><strong>obviam</strong></span> <span class='ocrx_word' id='word_1_106' title='bbox 902 1972 967 2034; x_wconf 91' lang='lat' dir='ltr'><strong>sibi</strong></span> <span class='ocrx_word' id='word_1_107' title='bbox 989 1990 1136 2053; x_wconf 88' lang='lat' dir='ltr'><strong>quaeque</strong></span> <span class='ocrx_word' id='word_1_108' title='bbox 1158 1971 1296 2034; x_wconf 89' lang='lat' dir='ltr'><strong>destru-</strong></span> 
     </span>
     <span class='ocr_line' id='line_1_20' title="bbox 344 2070 1294 2154; baseline 0.001 -21"><span class='ocrx_word' id='word_1_109' title='bbox 344 2090 405 2133; x_wconf 90' lang='lat' dir='ltr'><strong>ens</strong></span> <span class='ocrx_word' id='word_1_110' title='bbox 428 2071 621 2134; x_wconf 85' lang='lat' dir='ltr'><strong>miserabile</strong></span> <span class='ocrx_word' id='word_1_111' title='bbox 644 2071 878 2154; x_wconf 87' lang='lat' dir='ltr'><strong>spectaculum</strong></span> <span class='ocrx_word' id='word_1_112' title='bbox 901 2072 1035 2135; x_wconf 86' lang='lat' dir='ltr'><strong>cunctis</strong></span> <span class='ocrx_word' id='word_1_113' title='bbox 1058 2070 1140 2134; x_wconf 87' lang='lat' dir='ltr'><strong>haec.</strong></span> <span class='ocrx_word' id='word_1_114' title='bbox 1155 2071 1294 2135; x_wconf 89' lang='lat' dir='ltr'><strong>intuen-</strong></span> 
     </span>
     <span class='ocr_line' id='line_1_21' title="bbox 344 2169 1294 2253; baseline 0 -20"><span class='ocrx_word' id='word_1_115' title='bbox 344 2170 436 2233; x_wconf 90' lang='lat' dir='ltr'><strong>tibus</strong></span> <span class='ocrx_word' id='word_1_116' title='bbox 459 2171 657 2251; x_wconf 81' lang='lat' dir='ltr'><strong>praebebat3</strong></span> <span class='ocrx_word' id='word_1_117' title='bbox 688 2179 734 2248; x_wconf 92' lang='lat' dir='ltr'><strong>et,</strong></span> <span class='ocrx_word' id='word_1_118' title='bbox 762 2172 792 2234; x_wconf 90' lang='lat' dir='ltr'><strong>si</strong></span> <span class='ocrx_word' id='word_1_119' title='bbox 816 2171 904 2235; x_wconf 84' lang='lat' dir='ltr'><strong>sorte</strong></span> <span class='ocrx_word' id='word_1_120' title='bbox 931 2171 1004 2234; x_wconf 88' lang='lat' dir='ltr'><strong>dios</strong></span> <span class='ocrx_word' id='word_1_121' title='bbox 1030 2169 1171 2234; x_wconf 87' lang='lat' dir='ltr'><strong>malitiae</strong></span> <span class='ocrx_word' id='word_1_122' title='bbox 1200 2171 1294 2253; x_wconf 89' lang='lat' dir='ltr'><strong>regis</strong></span> 
     </span>
     <span class='ocr_line' id='line_1_22' title="bbox 344 2270 1294 2353; baseline 0.002 -21"><span class='ocrx_word' id='word_1_123' title='bbox 344 2290 414 2333; x_wconf 91' lang='lat' dir='ltr'><strong>non</strong></span> <span class='ocrx_word' id='word_1_124' title='bbox 436 2270 604 2334; x_wconf 87' lang='lat' dir='ltr'><strong>satisfecit</strong></span> <span class='ocrx_word' id='word_1_125' title='bbox 634 2271 678 2334; x_wconf 88' lang='lat' dir='ltr'><strong>ad</strong></span> <span class='ocrx_word' id='word_1_126' title='bbox 703 2291 817 2335; x_wconf 91' lang='lat' dir='ltr'><strong>rerum</strong></span> <span class='ocrx_word' id='word_1_127' title='bbox 845 2271 1104 2348; x_wconf 86' lang='lat' dir='ltr'><strong>desolationem,</strong></span> <span class='ocrx_word' id='word_1_128' title='bbox 1126 2271 1294 2353; x_wconf 87' lang='lat' dir='ltr'><strong>praecepit</strong></span> 
     </span>
     <span class='ocr_line' id='line_1_23' title="bbox 343 2370 1294 2454; baseline 0.001 -22"><span class='ocrx_word' id='word_1_129' title='bbox 343 2389 406 2433; x_wconf 86' lang='lat' dir='ltr'><strong>rex</strong></span> <span class='ocrx_word' id='word_1_130' title='bbox 421 2370 640 2434; x_wconf 90' lang='lat' dir='ltr'><strong>incendiariis</strong></span> <span class='ocrx_word' id='word_1_131' title='bbox 657 2372 729 2434; x_wconf 91' lang='lat' dir='ltr'><strong>suis</strong></span> <span class='ocrx_word' id='word_1_132' title='bbox 747 2390 846 2454; x_wconf 90' lang='lat' dir='ltr'><strong>sepes</strong></span> <span class='ocrx_word' id='word_1_133' title='bbox 860 2372 897 2434; x_wconf 93' lang='lat' dir='ltr'><strong>in</strong></span> <span class='ocrx_word' id='word_1_134' title='bbox 915 2370 1038 2434; x_wconf 88' lang='lat' dir='ltr'><strong>itinere</strong></span> <span class='ocrx_word' id='word_1_135' title='bbox 1053 2370 1224 2453; x_wconf 87' lang='lat' dir='ltr'><strong>villasque</strong></span> <span class='ocrx_word' id='word_1_136' title='bbox 1240 2371 1294 2433; x_wconf 91' lang='lat' dir='ltr'><strong>in·</strong></span> 
     </span>
     <span class='ocr_line' id='line_1_24' title="bbox 338 2469 1292 2552; baseline 0.001 -20"><span class='ocrx_word' id='word_1_137' title='bbox 338 2469 434 2552; x_wconf 90' lang='lat' dir='ltr'><strong>jecto</strong></span> <span class='ocrx_word' id='word_1_138' title='bbox 457 2470 538 2551; x_wconf 88' lang='lat' dir='ltr'><strong>igne</strong></span> <span class='ocrx_word' id='word_1_139' title='bbox 557 2472 768 2548; x_wconf 90' lang='lat' dir='ltr'><strong>comburere,</strong></span> <span class='ocrx_word' id='word_1_140' title='bbox 792 2478 832 2534; x_wconf 90' lang='lat' dir='ltr'><strong>ut</strong></span> <span class='ocrx_word' id='word_1_141' title='bbox 853 2490 896 2534; x_wconf 87' lang='lat' dir='ltr'><strong>ex</strong></span> <span class='ocrx_word' id='word_1_142' title='bbox 916 2469 1050 2533; x_wconf 91' lang='lat' dir='ltr'><strong>damnis</strong></span> <span class='ocrx_word' id='word_1_143' title='bbox 1077 2470 1292 2534; x_wconf 89' lang='lat' dir='ltr'><strong>inimicorum</strong></span> 
     </span>
     <span class='ocr_line' id='line_1_25' title="bbox 343 2569 1294 2646; baseline 0.004 -16"><span class='ocrx_word' id='word_1_144' title='bbox 343 2588 482 2633; x_wconf 90' lang='lat' dir='ltr'><strong>suorum</strong></span> <span class='ocrx_word' id='word_1_145' title='bbox 506 2571 618 2634; x_wconf 90' lang='lat' dir='ltr'><strong>visum</strong></span> <span class='ocrx_word' id='word_1_146' title='bbox 645 2590 744 2633; x_wconf 90' lang='lat' dir='ltr'><strong>suum</strong></span> <span class='ocrx_word' id='word_1_147' title='bbox 775 2570 897 2634; x_wconf 86' lang='lat' dir='ltr'><strong>saltem</strong></span> <span class='ocrx_word' id='word_1_148' title='bbox 922 2570 1088 2646; x_wconf 89' lang='lat' dir='ltr'><strong>reficeret,</strong></span> <span class='ocrx_word' id='word_1_149' title='bbox 1112 2569 1212 2634; x_wconf 89' lang='lat' dir='ltr'><strong>etde</strong></span> <span class='ocrx_word' id='word_1_150' title='bbox 1239 2589 1294 2634; x_wconf 88' lang='lat' dir='ltr'><strong>ra·</strong></span> 
     </span>
     <span class='ocr_line' id='line_1_26' title="bbox 340 2669 1293 2752; baseline 0.003 -22"><span class='ocrx_word' id='word_1_151' title='bbox 340 2669 426 2750; x_wconf 93' lang='lat' dir='ltr'><strong>pina</strong></span> <span class='ocrx_word' id='word_1_152' title='bbox 442 2670 638 2751; x_wconf 88' lang='lat' dir='ltr'><strong>iniquitatis</strong></span> <span class='ocrx_word' id='word_1_153' title='bbox 654 2671 830 2733; x_wconf 89' lang='lat' dir='ltr'><strong>ministros</strong></span> <span class='ocrx_word' id='word_1_154' title='bbox 851 2689 939 2752; x_wconf 92' lang='lat' dir='ltr'><strong>quos</strong></span> <span class='ocrx_word' id='word_1_155' title='bbox 961 2670 1109 2733; x_wconf 88' lang='lat' dir='ltr'><strong>habebat</strong></span> <span class='ocrx_word' id='word_1_156' title='bbox 1123 2670 1293 2752; x_wconf 88' lang='lat' dir='ltr'><strong>nequissi-</strong></span> 
     </span>
     <span class='ocr_line' id='line_1_27' title="bbox 343 2768 1293 2853; baseline 0.003 -23"><span class='ocrx_word' id='word_1_157' title='bbox 343 2787 418 2831; x_wconf 88' lang='lat' dir='ltr'><strong>mos</strong></span> <span class='ocrx_word' id='word_1_158' title='bbox 433 2775 655 2833; x_wconf 89' lang='lat' dir='ltr'><strong>sustentaret.</strong></span> <span class='ocrx_word' id='word_1_159' title='bbox 694 2770 798 2852; x_wconf 89' lang='lat' dir='ltr'><strong>Capti</strong></span> <span class='ocrx_word' id='word_1_160' title='bbox 813 2777 896 2834; x_wconf 91' lang='lat' dir='ltr'><strong>sunt</strong></span> <span class='ocrx_word' id='word_1_161' title='bbox 911 2789 1029 2833; x_wconf 91' lang='lat' dir='ltr'><strong>omnes</strong></span> <span class='ocrx_word' id='word_1_162' title='bbox 1045 2768 1293 2853; x_wconf 87' lang='lat' dir='ltr'><strong>cujuscumque</strong></span> 
     </span>
     <span class='ocr_line' id='line_1_28' title="bbox 343 2867 1293 2952; baseline 0.003 -22"><span class='ocrx_word' id='word_1_163' title='bbox 343 2874 459 2930; x_wconf 88' lang='lat' dir='ltr'><strong>essent</strong></span> <span class='ocrx_word' id='word_1_164' title='bbox 477 2867 682 2932; x_wconf 87' lang='lat' dir='ltr'><strong>conditionis</strong></span> <span class='ocrx_word' id='word_1_165' title='bbox 698 2871 754 2934; x_wconf 87' lang='lat' dir='ltr'><strong>vel</strong></span> <span class='ocrx_word' id='word_1_166' title='bbox 772 2870 888 2933; x_wconf 87' lang='lat' dir='ltr'><strong>aetatis</strong></span> <span class='ocrx_word' id='word_1_167' title='bbox 905 2869 1074 2947; x_wconf 74' lang='lat' dir='ltr'><strong>homineS,</strong></span> <span class='ocrx_word' id='word_1_168' title='bbox 1084 2869 1293 2952; x_wconf 87' lang='lat' dir='ltr'><strong>quicumque</strong></span> 
     </span>
     <span class='ocr_line' id='line_1_29' title="bbox 343 2969 1293 3051; baseline 0.004 -21"><span class='ocrx_word' id='word_1_169' title='bbox 343 2974 444 3030; x_wconf 87' lang='lat' dir='ltr'><strong>extra</strong></span> <span class='ocrx_word' id='word_1_170' title='bbox 459 2969 693 3031; x_wconf 88' lang='lat' dir='ltr'><strong>coemeterium</strong></span> <span class='ocrx_word' id='word_1_171' title='bbox 710 2970 982 3051; x_wconf 88' lang='lat' dir='ltr'><strong>reperiebantur,</strong></span> <span class='ocrx_word' id='word_1_172' title='bbox 992 2977 1027 3034; x_wconf 91' lang='lat' dir='ltr'><strong>ct</strong></span> <span class='ocrx_word' id='word_1_173' title='bbox 1037 2969 1142 3034; x_wconf 86' lang='lat' dir='ltr'><strong>variis</strong></span> <span class='ocrx_word' id='word_1_174' title='bbox 1159 2971 1293 3034; x_wconf 89' lang='lat' dir='ltr'><strong>crucia·</strong></span> 
     </span>
     <span class='ocr_line' id='line_1_30' title="bbox 343 3066 1294 3151; baseline 0.005 -23"><span class='ocrx_word' id='word_1_175' title='bbox 343 3067 435 3129; x_wconf 90' lang='lat' dir='ltr'><strong>tibus</strong></span> <span class='ocrx_word' id='word_1_176' title='bbox 453 3066 572 3131; x_wconf 88' lang='lat' dir='ltr'><strong>afflicti</strong></span> <span class='ocrx_word' id='word_1_177' title='bbox 588 3069 631 3131; x_wconf 90' lang='lat' dir='ltr'><strong>ad</strong></span> <span class='ocrx_word' id='word_1_178' title='bbox 649 3069 890 3150; x_wconf 87' lang='lat' dir='ltr'><strong>gravissimam</strong></span> <span class='ocrx_word' id='word_1_179' title='bbox 906 3069 1176 3151; x_wconf 87' lang='lat' dir='ltr'><strong>redemptionem</strong></span> <span class='ocrx_word' id='word_1_180' title='bbox 1192 3089 1294 3151; x_wconf 88' lang='lat' dir='ltr'><strong>coge-</strong></span> 
     </span>
     <span class='ocr_line' id='line_1_31' title="bbox 341 3167 1293 3250; baseline 0.006 -22"><span class='ocrx_word' id='word_1_181' title='bbox 341 3167 480 3230; x_wconf 87' lang='lat' dir='ltr'><strong>bantur.</strong></span> <span class='ocrx_word' id='word_1_182' title='bbox 517 3167 719 3245; x_wconf 87' lang='lat' dir='ltr'><strong>Castellani,</strong></span> <span class='ocrx_word' id='word_1_183' title='bbox 735 3169 795 3250; x_wconf 93' lang='lat' dir='ltr'><strong>qui</strong></span> <span class='ocrx_word' id='word_1_184' title='bbox 811 3169 847 3231; x_wconf 90' lang='lat' dir='ltr'><strong>in</strong></span> <span class='ocrx_word' id='word_1_185' title='bbox 865 3169 1113 3233; x_wconf 92' lang='lat' dir='ltr'><strong>munitionibus</strong></span> <span class='ocrx_word' id='word_1_186' title='bbox 1123 3169 1293 3234; x_wconf 87' lang='lat' dir='ltr'><strong>baronum</strong></span> 
     </span>
     <span class='ocr_line' id='line_1_32' title="bbox 342 3268 1294 3350; baseline 0.005 -22"><span class='ocrx_word' id='word_1_187' title='bbox 342 3273 452 3343; x_wconf 90' lang='lat' dir='ltr'><strong>erant,</strong></span> <span class='ocrx_word' id='word_1_188' title='bbox 475 3286 551 3330; x_wconf 88' lang='lat' dir='ltr'><strong>cum</strong></span> <span class='ocrx_word' id='word_1_189' title='bbox 575 3268 761 3331; x_wconf 85' lang='lat' dir='ltr'><strong>adventum</strong></span> <span class='ocrx_word' id='word_1_190' title='bbox 784 3269 875 3350; x_wconf 90' lang='lat' dir='ltr'><strong>regis</strong></span> <span class='ocrx_word' id='word_1_191' title='bbox 898 3269 1155 3350; x_wconf 83' lang='lat' dir='ltr'><strong>cognovissent,</strong></span> <span class='ocrx_word' id='word_1_192' title='bbox 1176 3276 1294 3333; x_wconf 86' lang='lat' dir='ltr'><strong>castra</strong></span> 
     </span>
     <span class='ocr_line' id='line_1_33' title="bbox 342 3366 1292 3450; baseline 0.006 -23"><span class='ocrx_word' id='word_1_193' title='bbox 342 3385 455 3428; x_wconf 89' lang='lat' dir='ltr'><strong>vacua</strong></span> <span class='ocrx_word' id='word_1_194' title='bbox 476 3366 707 3448; x_wconf 88' lang='lat' dir='ltr'><strong>relinquentes</strong></span> <span class='ocrx_word' id='word_1_195' title='bbox 728 3368 771 3431; x_wconf 90' lang='lat' dir='ltr'><strong>ad</strong></span> <span class='ocrx_word' id='word_1_196' title='bbox 794 3368 940 3432; x_wconf 87' lang='lat' dir='ltr'><strong>latibula</strong></span> <span class='ocrx_word' id='word_1_197' title='bbox 960 3366 1201 3450; x_wconf 83' lang='lat' dir='ltr'><strong>confugerunt,</strong></span> <span class='ocrx_word' id='word_1_198' title='bbox 1220 3369 1292 3433; x_wconf 91' lang='lat' dir='ltr'><strong>vic·</strong></span> 
     </span>
     <span class='ocr_line' id='line_1_34' title="bbox 342 3465 1293 3550; baseline 0.007 -23"><span class='ocrx_word' id='word_1_199' title='bbox 342 3465 451 3527; x_wconf 84' lang='lat' dir='ltr'><strong>tualia</strong></span> <span class='ocrx_word' id='word_1_200' title='bbox 478 3465 634 3530; x_wconf 88' lang='lat' dir='ltr'><strong>hostibus</strong></span> <span class='ocrx_word' id='word_1_201' title='bbox 661 3468 981 3549; x_wconf 88' lang='lat' dir='ltr'><strong>supervenientibus</strong></span> <span class='ocrx_word' id='word_1_202' title='bbox 1006 3487 1084 3531; x_wconf 91' lang='lat' dir='ltr'><strong>cum</strong></span> <span class='ocrx_word' id='word_1_203' title='bbox 1109 3468 1230 3550; x_wconf 91' lang='lat' dir='ltr'><strong>spoliis</strong></span> <span class='ocrx_word' id='word_1_204' title='bbox 1256 3477 1293 3534; x_wconf 92' lang='lat' dir='ltr'><strong>et</strong></span> 
     </span>
     <span class='ocr_line' id='line_1_35' title="bbox 342 3565 1295 3647; baseline 0.006 -20"><span class='ocrx_word' id='word_1_205' title='bbox 342 3565 440 3627; x_wconf 87' lang='lat' dir='ltr'><strong>varia</strong></span> <span class='ocrx_word' id='word_1_206' title='bbox 457 3566 684 3647; x_wconf 88' lang='lat' dir='ltr'><strong>supellectilia</strong></span> <span class='ocrx_word' id='word_1_207' title='bbox 698 3568 917 3647; x_wconf 86' lang='lat' dir='ltr'><strong>deserentes;</strong></span> <span class='ocrx_word' id='word_1_208' title='bbox 940 3587 1002 3630; x_wconf 84' lang='lat' dir='ltr'><strong>rex</strong></span> <span class='ocrx_word' id='word_1_209' title='bbox 1020 3575 1148 3644; x_wconf 87' lang='lat' dir='ltr'><strong>autem,</strong></span> <span class='ocrx_word' id='word_1_210' title='bbox 1164 3568 1200 3631; x_wconf 94' lang='lat' dir='ltr'><strong>in</strong></span> <span class='ocrx_word' id='word_1_211' title='bbox 1216 3587 1295 3633; x_wconf 88' lang='lat' dir='ltr'><strong>cas-</strong></span> 
     </span>
     <span class='ocr_line' id='line_1_36' title="bbox 341 3662 1292 3749; baseline 0.007 -24"><span class='ocrx_word' id='word_1_212' title='bbox 341 3664 404 3726; x_wconf 87' lang='lat' dir='ltr'><strong>tris</strong></span> <span class='ocrx_word' id='word_1_213' title='bbox 435 3666 554 3729; x_wconf 90' lang='lat' dir='ltr'><strong>vacuis</strong></span> <span class='ocrx_word' id='word_1_214' title='bbox 583 3686 665 3730; x_wconf 90' lang='lat' dir='ltr'><strong>suos</strong></span> <span class='ocrx_word' id='word_1_215' title='bbox 694 3667 886 3749; x_wconf 88' lang='lat' dir='ltr'><strong>imponens,</strong></span> <span class='ocrx_word' id='word_1_216' title='bbox 909 3667 1011 3732; x_wconf 90' lang='lat' dir='ltr'><strong>modo</strong></span> <span class='ocrx_word' id='word_1_217' title='bbox 1039 3667 1205 3749; x_wconf 87' lang='lat' dir='ltr'><strong>praedicto</strong></span> <span class='ocrx_word' id='word_1_218' title='bbox 1228 3662 1292 3732; x_wconf 84' lang='lat' dir='ltr'><strong>²ad</strong></span> 
     </span>
     <span class='ocr_line' id='line_1_37' title="bbox 342 3761 1292 3849; baseline 0.005 -23"><span class='ocrx_word' id='word_1_219' title='bbox 342 3761 559 3845; x_wconf 89' lang='lat' dir='ltr'><strong>Nothingam</strong></span> <span class='ocrx_word' id='word_1_220' title='bbox 579 3785 689 3849; x_wconf 91' lang='lat' dir='ltr'><strong>usque</strong></span> <span class='ocrx_word' id='word_1_221' title='bbox 709 3787 787 3831; x_wconf 87' lang='lat' dir='ltr'><strong>cum</strong></span> <span class='ocrx_word' id='word_1_222' title='bbox 804 3767 1012 3832; x_wconf 88' lang='lat' dir='ltr'><strong>satellitibus</strong></span> <span class='ocrx_word' id='word_1_223' title='bbox 1029 3768 1101 3830; x_wconf 93' lang='lat' dir='ltr'><strong>suis</strong></span> <span class='ocrx_word' id='word_1_224' title='bbox 1117 3766 1292 3831; x_wconf 83' lang='lat' dir='ltr'><strong>nefandis·</strong></span> 
     </span>
     <span class='ocr_line' id='line_1_38' title="bbox 340 3863 661 3946; baseline 0.012 -20"><span class='ocrx_word' id='word_1_225' title='bbox 340 3863 436 3927; x_wconf 89' lang='lat' dir='ltr'><strong>simis</strong></span> <span class='ocrx_word' id='word_1_226' title='bbox 451 3867 661 3946; x_wconf 88' lang='lat' dir='ltr'><strong>properavit.</strong></span> 
     </span>
    </p>

    <p class='ocr_par' dir='ltr' id='par_1_7' title="bbox 338 4010 1293 4154">
     <span class='ocr_line' id='line_1_39' title="bbox 376 4010 1292 4089; baseline 0.008 -26"><span class='ocrx_word' id='word_1_227' title='bbox 376 4010 685 4080; x_wconf 82' lang='lat' dir='ltr'><strong>&#39;GirordumdeSoteiai.]</strong></span> <span class='ocrx_word' id='word_1_228' title='bbox 698 4017 801 4069; x_wconf 84' lang='lat' dir='ltr'><strong>‘Girar·</strong></span> <span class='ocrx_word' id='word_1_229' title='bbox 824 4015 944 4089; x_wconf 70' lang='lat' dir='ltr'><strong>peracit]</strong></span> <span class='ocrx_word' id='word_1_230' title='bbox 963 4021 1015 4070; x_wconf 85' lang='lat' dir='ltr'><strong>His</strong></span> <span class='ocrx_word' id='word_1_231' title='bbox 1022 4021 1109 4070; x_wconf 86' lang='lat' dir='ltr'><strong>march</strong></span> <span class='ocrx_word' id='word_1_232' title='bbox 1116 4021 1250 4070; x_wconf 82' lang='lat' dir='ltr'><strong>ismarlred</strong></span> <span class='ocrx_word' id='word_1_233' title='bbox 1257 4022 1292 4083; x_wconf 82' lang='lat' dir='ltr'><strong>by</strong></span> 
     </span>
     <span class='ocr_line' id='line_1_40' title="bbox 338 4084 1293 4154; baseline 0.009 -23"><span class='ocrx_word' id='word_1_234' title='bbox 338 4084 387 4132; x_wconf 83' lang='lat' dir='ltr'><strong>dus</strong></span> <span class='ocrx_word' id='word_1_235' title='bbox 398 4085 430 4132; x_wconf 91' lang='lat' dir='ltr'><strong>de</strong></span> <span class='ocrx_word' id='word_1_236' title='bbox 442 4085 602 4148; x_wconf 82' lang='lat' dir='ltr'><strong>Sotengaine,</strong></span> <span class='ocrx_word' id='word_1_237' title='bbox 614 4087 777 4138; x_wconf 85' lang='lat' dir='ltr'><strong>Flandrensis</strong></span> <span class='ocrx_word' id='word_1_238' title='bbox 785 4085 800 4151; x_wconf 77' lang='lat'><strong>5&#39;</strong></span> <span class='ocrx_word' id='word_1_239' title='bbox 826 4091 1080 4152; x_wconf 75' lang='lat' dir='ltr'><strong>theItinararythua3</strong></span> <span class='ocrx_word' id='word_1_240' title='bbox 1091 4091 1216 4152; x_wconf 86' lang='lat' dir='ltr'><strong>Nawport</strong></span> <span class='ocrx_word' id='word_1_241' title='bbox 1224 4091 1293 4154; x_wconf 81' lang='lat' dir='ltr'><strong>Pag-</strong></span> 
     </span>
    </p>
   </div>
   <div class='ocr_carea' id='block_1_7' title="bbox 339 4153 1293 4294">
    <p class='ocr_par' dir='ltr' id='par_1_8' title="bbox 339 4153 1293 4294">
     <span class='ocr_line' id='line_1_41' title="bbox 339 4153 1293 4224; baseline 0.01 -23"><span class='ocrx_word' id='word_1_242' title='bbox 339 4153 508 4216; x_wconf 83' lang='lat' dir='ltr'><strong>Coggeshale,</strong></span> <span class='ocrx_word' id='word_1_243' title='bbox 518 4171 545 4217; x_wconf 94' lang='lat' dir='ltr'><strong>p.</strong></span> <span class='ocrx_word' id='word_1_244' title='bbox 558 4160 615 4206; x_wconf 82' lang='lat' dir='ltr'><strong>llo.</strong></span> <span class='ocrx_word' id='word_1_245' title='bbox 827 4161 887 4222; x_wconf 90' lang='lat' dir='ltr'><strong>nell,</strong></span> <span class='ocrx_word' id='word_1_246' title='bbox 899 4161 1293 4224; x_wconf 78' lang='lat' dir='ltr'><strong>Northompton,ltoclringbo1n,</strong></span> 
     </span>
     <span class='ocr_line' id='line_1_42' title="bbox 373 4221 1265 4294; baseline 0.008 -20"><span class='ocrx_word' id='word_1_247' title='bbox 373 4221 427 4274; x_wconf 67' lang='lat' dir='ltr'><strong>&#39;Ad</strong></span> <span class='ocrx_word' id='word_1_248' title='bbox 440 4225 592 4288; x_wconf 75' lang='lat' dir='ltr'><strong>Nothingam</strong></span> <span class='ocrx_word' id='word_1_249' title='bbox 604 4242 677 4292; x_wconf 76' lang='lat' dir='ltr'><strong>osque</strong></span> <span class='ocrx_word' id='word_1_250' title='bbox 691 4263 733 4278; x_wconf 84' lang='lat'><strong>...</strong></span> <span class='ocrx_word' id='word_1_251' title='bbox 744 4244 801 4292; x_wconf 85' lang='lat' dir='ltr'><strong>pro·</strong></span> <span class='ocrx_word' id='word_1_252' title='bbox 827 4231 925 4280; x_wconf 79' lang='lat' dir='ltr'><strong>Mallon</strong></span> <span class='ocrx_word' id='word_1_253' title='bbox 933 4231 1077 4293; x_wconf 87' lang='lat' dir='ltr'><strong>Mowbray,</strong></span> <span class='ocrx_word' id='word_1_254' title='bbox 1088 4231 1265 4294; x_wconf 85' lang='lat' dir='ltr'><strong>Nottingbam.</strong></span> 
     </span>
    </p>
   </div>
   <div class='ocr_carea' id='block_1_8' title="bbox 0 0 1434 4876">
    <p class='ocr_par' dir='ltr' id='par_1_9' title="bbox 0 0 1434 4876">
     <span class='ocr_line' id='line_1_43' title="bbox 0 0 1434 4876; baseline 0 0"><span class='ocrx_word' id='word_1_255' title='bbox 0 0 1434 4876; x_wconf 95' lang='lat' dir='ltr'><strong> </strong></span> 
     </span>
    </p>
   </div>
  </div>
 </body>
</html>
