2858 4876
425 368 563 457 riorus
587 406 853 463 nrsromsnuu.
1046 388 1113 453 303

164 564 251 628 sisse
281 564 359 629 Deo
387 571 422 628 et
449 564 514 628 hac
541 567 705 646 praesenti
736 568 857 632 charta
884 572 1004 630 nostra
1030 576 1246 675 con-fflm

163 664 330 742 firmasse,
354 684 417 747 pro
438 665 537 729 nobis
559 673 595 729 et
614 665 807 731 haeredibus
827 668 956 731 nostris
975 667 1011 729 in
1033 678 1208 749 per-choto

164 771 319 848 potuum,
341 765 433 847 quod
459 763 657 847 Anglicana
684 767 830 831 ecclesia
857 768 966 831 libera
995 768 1053 841 sit,
1076 772 1112 829 et

164 863 290 928 habeat
308 864 391 949 jura
412 884 476 929 sua
500 865 648 952 integra,
670 885 752 931 suas
775 875 809 930 et
824 867 1001 930 libertates
1027 867 1114 929 illaa-

166 982 236 1041 sas,
262 971 297 1028 et
319 965 370 1029 ita
392 965 550 1030 volumus
573 967 761 1044 observari,
783 967 875 1049 quod
900 972 1046 1049 apparet
1067 986 1112 1029 ex
1218 980 1224 996 ·

165 1083 219 1141 co,
239 1064 330 1145 quod
351 1064 546 1129 libertatem
571 1065 787 1141 electionum,
807 1086 885 1149 quae
905 1067 1058 1129 maxima
1078 1074 1113 1130 et

165 1164 277 1245 magis
300 1166 495 1229 necessaria
516 1173 698 1247 reputatur
720 1168 874 1231 ecclesiae
895 1164 1113 1248 Anglicanaa‚

166 1283 263 1328 mera
296 1273 331 1329 et
356 1273 550 1347 spontanea
576 1266 769 1344 voluntate,
797 1273 878 1330 ante
906 1266 1112 1330 discordiam

164 1365 340 1429 internos
371 1373 406 1429 et
428 1366 574 1429 barones
601 1373 738 1431 nostros
763 1366 944 1431 manifesta
971 1373 1113 1441 motam,

166 1465 398 1529 concessimus
438 1472 474 1529 et
511 1465 632 1530 charta
669 1473 789 1531 nostra
824 1467 1114 1541 confirmavimus

167 1570 203 1628 ct
225 1584 300 1628 eam
333 1565 543 1629 obtinuimus
571 1584 592 1629 a
617 1565 756 1631 domino
786 1585 878 1649 papa
910 1566 1115 1630 Innocentio

167 1665 270 1728 tertio
292 1665 497 1741 confirmari,
525 1685 628 1748 quam
655 1673 691 1730 et
713 1686 775 1730 nos
798 1667 1057 1731 observabimus
1080 1675 1114 1729 et

168 1765 212 1828 ab
244 1764 438 1829 haeredibus
466 1766 594 1830 nostris
623 1765 659 1828 in
691 1773 895 1849 perpetuum
925 1768 1016 1829 bona
1048 1765 1115 1830 fide

168 1864 328 1929 volumus
358 1866 546 1929 observari.
600 1865 842 1931 Concessimus
872 1866 976 1929 etiam
1006 1866 1116 1928 omni·

169 1966 235 2028 bus
257 1965 373 2034 liberis
394 1965 589 2030 hominibus
611 1967 738 2030 nostris
764 1965 862 2048 regni
881 1963 1032 2047 Angliae‚
1054 1985 1116 2048 pro

168 2064 268 2129 nobis
288 2071 322 2128 ct
341 2065 536 2129 haeredibus
557 2067 684 2130 nostris
704 2065 740 2129 iu
762 2074 977 2149 perpetuum,
998 2084 1116 2130 omnes

169 2163 347 2229 libertates
372 2165 599 2248 subscriptas,
623 2165 798 2229 habendas
823 2173 859 2229 et
880 2165 1046 2230 tenendas
1067 2165 1117 2228 eis

169 2273 205 2328 et
221 2264 415 2330 haeredibus
439 2265 512 2330 suis
532 2266 692 2329 danobis
713 2273 748 2330 et
763 2265 955 2330 haeredibus
976 2265 1114 2329 nostris

169 2363 208 2428 Si
234 2363 312 2446 quis
339 2365 503 2429 comitum
530 2365 586 2430 vel
612 2367 780 2430 baronum
807 2373 1014 2442 nostrorum,
1042 2365 1116 2429 sive

168 2462 315 2528 aliorum
332 2466 522 2529 tenentium
547 2466 590 2528 de
613 2466 711 2529 nobis
732 2467 769 2529 in
793 2466 906 2547 capite
924 2485 987 2548 per
1009 2465 1114 2528 servi-

169 2564 256 2628 tium
274 2564 432 2642 militare,
449 2573 607 2629 mortuus
623 2565 738 2642 fucrit,
756 2573 802 2642 et,
820 2584 897 2628 cum
918 2565 1115 2639 decesserit,

168 2663 280 2727 haeres
308 2683 391 2728 suus
416 2666 527 2747 plenae
556 2666 670 2729 aetatis
696 2665 800 2729 fuerit
817 2672 853 2729 et
870 2666 1035 2729 relevium
1057 2665 1117 2728 de·

169 2764 263 2841 beat,
295 2763 421 2828 habeat
446 2765 680 2830 haereditatem
715 2785 813 2830 suam
844 2784 906 2848 per
937 2765 1117 2846 antiquum

119 2929 120 2932 ,
170 2863 361 2944 relevium3
396 2865 540 2942 scilicet,
573 2866 682 2929 haeres
708 2866 765 2930 vel
797 2865 951 2929 haeredes
982 2864 1117 2929 comitis

171 2963 214 3026 de
244 2964 388 3029 baronia
417 2965 553 3029 comitis
582 2965 719 3047 integra
746 2973 972 3048 parcentum
1000 2965 1117 3040 libras,

171 3063 282 3126 haeres
309 3064 364 3128 vel
391 3063 545 3128 haeredes
576 3066 715 3129 baronis
744 3066 787 3128 de
812 3066 956 3129 baronia
981 3065 1118 3145 integra

172 3170 310 3227 centum
338 3183 484 3241 marcas,
513 3164 623 3229 haeres
653 3164 707 3229 vel
738 3164 892 3228 haeredes
925 3163 1044 3227 militis
1076 3165 1118 3229 de

172 3260 271 3327 feodo
306 3263 424 3328 militis
460 3264 596 3346 integro
630 3283 692 3346 per
732 3270 870 3328 centum
911 3263 1039 3327 solidos
1073 3263 1116 3326 ad

172 3362 263 3444 plus,
296 3369 343 3438 et,
373 3365 433 3445 qui
464 3364 577 3427 minus
610 3364 778 3440 debuerit,
811 3364 924 3427 miuus
960 3363 1031 3440 det,
1064 3382 1118 3426 se-

173 3461 322 3526 cundum
344 3463 523 3545 antiquam
541 3463 822 3529 consuetudinem
839 3462 1030 3528 feodorum.
1082 3462 1119 3526 Si

174 3568 290 3625 autem
322 3563 469 3647 alicujus
501 3562 611 3628 haeres
634 3563 756 3627 talium
786 3563 889 3628 fuerit
914 3563 1003 3628 infra
1034 3570 1120 3627 aeta·

173 3667 255 3738 tem,
270 3661 429 3726 dominus
441 3662 516 3745 ejus
534 3683 604 3727 non
619 3663 748 3728 habeat
761 3663 953 3728 custodiam
964 3664 1040 3747 ejus
1058 3682 1120 3727 nec

172 3766 274 3824 terrae
297 3780 370 3825 suae
393 3768 580 3844 antequam
599 3762 797 3844 homagium
817 3762 893 3846 ejus
914 3764 1055 3845 ceperit,
1075 3769 1121 3837 et,

173 3867 358 3942 postquam
382 3862 462 3926 talis
492 3861 603 3925 haeres
633 3862 800 3926 fueritin
832 3862 990 3926 custodia
1018 3869 1053 3926 et
1078 3862 1121 3924 ad

175 3966 314 4024 aetatem
336 3962 532 4044 pervenerit
554 3962 685 4025 scilicet
706 3961 830 4043 viginti
853 3963 1006 4026 etunius
1029 3961 1122 4037 anni,

174 4059 300 4125 habeat
332 4061 567 4125 haereditatem
603 4081 701 4125 suam
731 4063 805 4125 sine
834 4062 962 4125 relevio
990 4068 1025 4124 et
1049 4062 1123 4123 sine

174 4160 261 4240 fine;
288 4161 339 4224 ita
356 4168 471 4225 tamen
494 4160 585 4243 quod
611 4163 640 4224 si
658 4161 744 4244 ipse,
769 4162 850 4226 dum
868 4160 958 4224 infra
983 4167 1121 4224 aetatem
