<?xml version="1.0" encoding="UTF-8"?>
<!DOCTYPE html PUBLIC "-//W3C//DTD XHTML 1.0 Transitional//EN"
    "http://www.w3.org/TR/xhtml1/DTD/xhtml1-transitional.dtd">
<html xmlns="http://www.w3.org/1999/xhtml" xml:lang="en" lang="en">
 <head>
  <title>
</title>
<meta http-equiv="Content-Type" content="text/html;charset=utf-8" />
  <meta name='ocr-system' content='tesseract 3.04.00' />
  <meta name='ocr-capabilities' content='ocr_page ocr_carea ocr_par ocr_line ocrx_word'/>
</head>
<body>
  <div class='ocr_page' id='page_1' title='image "./rogeridewendove06rogegoog_0082.png"; bbox 0 0 2858 4876; ppageno 0'>
   <div class='ocr_carea' id='block_1_1' title="bbox 422 379 1110 442">
    <p class='ocr_par' dir='ltr' id='par_1_1' title="bbox 422 379 1110 442">
     <span class='ocr_line' id='line_1_1' title="bbox 422 379 1110 442; baseline 0.003 -2"><span class='ocrx_word' id='word_1_1' title='bbox 422 392 561 440; x_wconf 75' lang='lat' dir='ltr'>amans</span> <span class='ocrx_word' id='word_1_2' title='bbox 588 392 858 442; x_wconf 75' lang='lat' dir='ltr'>nrsroarnuou.</span> <span class='ocrx_word' id='word_1_3' title='bbox 1066 379 1110 442; x_wconf 84' lang='lat'>73</span> 
     </span>
    </p>
   </div>
   <div class='ocr_carea' id='block_1_2' title="bbox 161 548 1247 3481">
    <p class='ocr_par' dir='ltr' id='par_1_2' title="bbox 161 548 1247 3481">
     <span class='ocr_line' id='line_1_2' title="bbox 164 548 1247 632; baseline -0.009 -18"><span class='ocrx_word' id='word_1_4' title='bbox 164 548 301 614; x_wconf 88' lang='lat' dir='ltr'>tandem</span> <span class='ocrx_word' id='word_1_5' title='bbox 327 548 371 612; x_wconf 94' lang='lat' dir='ltr'>ad</span> <span class='ocrx_word' id='word_1_6' title='bbox 396 548 462 612; x_wconf 91' lang='lat' dir='ltr'>hoc</span> <span class='ocrx_word' id='word_1_7' title='bbox 484 555 538 612; x_wconf 89' lang='lat' dir='ltr'>est</span> <span class='ocrx_word' id='word_1_8' title='bbox 562 555 779 630; x_wconf 86' lang='lat' dir='ltr'>perventum,</span> <span class='ocrx_word' id='word_1_9' title='bbox 802 555 841 611; x_wconf 90' lang='lat' dir='ltr'>ut</span> <span class='ocrx_word' id='word_1_10' title='bbox 867 568 930 630; x_wconf 93' lang='lat' dir='ltr'>pro</span> <span class='ocrx_word' id='word_1_11' title='bbox 956 550 1110 632; x_wconf 86' lang='lat' dir='ltr'>redemp·</span> <span class='ocrx_word' id='word_1_12' title='bbox 1123 567 1247 608; x_wconf 54' lang='lat' dir='ltr'>aaran</span> 
     </span>
     <span class='ocr_line' id='line_1_3' title="bbox 163 640 1112 730; baseline 0.002 -21"><span class='ocrx_word' id='word_1_13' title='bbox 163 647 256 717; x_wconf 88' lang='lat' dir='ltr'>tione</span> <span class='ocrx_word' id='word_1_14' title='bbox 277 647 353 730; x_wconf 87' lang='lat' dir='ltr'>ejus</span> <span class='ocrx_word' id='word_1_15' title='bbox 377 647 577 729; x_wconf 90' lang='lat' dir='ltr'>imperatori</span> <span class='ocrx_word' id='word_1_16' title='bbox 602 648 768 710; x_wconf 89' lang='lat' dir='ltr'>darentur</span> <span class='ocrx_word' id='word_1_17' title='bbox 795 640 950 710; x_wconf 90' lang='lat' dir='ltr'>¹centum</span> <span class='ocrx_word' id='word_1_18' title='bbox 971 654 1007 711; x_wconf 90' lang='lat' dir='ltr'>et</span> <span class='ocrx_word' id='word_1_19' title='bbox 1026 667 1112 730; x_wconf 89' lang='lat' dir='ltr'>qua-</span> 
     </span>
     <span class='ocr_line' id='line_1_4' title="bbox 163 744 1111 827; baseline 0.002 -18"><span class='ocrx_word' id='word_1_20' title='bbox 163 745 325 825; x_wconf 80' lang='lat' dir='ltr'>draginta</span> <span class='ocrx_word' id='word_1_21' title='bbox 348 744 458 808; x_wconf 87' lang='lat' dir='ltr'>millia</span> <span class='ocrx_word' id='word_1_22' title='bbox 484 764 610 809; x_wconf 89' lang='lat' dir='ltr'>marcae</span> <span class='ocrx_word' id='word_1_23' title='bbox 633 745 770 826; x_wconf 85' lang='lat' dir='ltr'>argenti</span> <span class='ocrx_word' id='word_1_24' title='bbox 793 744 838 807; x_wconf 96' lang='lat' dir='ltr'>ad</span> <span class='ocrx_word' id='word_1_25' title='bbox 858 746 993 827; x_wconf 88' lang='lat' dir='ltr'>pondus</span> <span class='ocrx_word' id='word_1_26' title='bbox 1010 744 1111 811; x_wconf 79' lang='lat' dir='ltr'>Colo</span> 
     </span>
     <span class='ocr_line' id='line_1_5' title="bbox 164 843 1110 926; baseline 0.002 -19"><span class='ocrx_word' id='word_1_27' title='bbox 164 843 346 921; x_wconf 90' lang='lat' dir='ltr'>niensium,</span> <span class='ocrx_word' id='word_1_28' title='bbox 360 852 546 926; x_wconf 88' lang='lat' dir='ltr'>antequam</span> <span class='ocrx_word' id='word_1_29' title='bbox 568 843 734 907; x_wconf 87' lang='lat' dir='ltr'>intereos</span> <span class='ocrx_word' id='word_1_30' title='bbox 751 844 961 908; x_wconf 88' lang='lat' dir='ltr'>conveniret.</span> <span class='ocrx_word' id='word_1_31' title='bbox 1013 843 1110 909; x_wconf 86' lang='lat' dir='ltr'>Prae·</span> 
     </span>
     <span class='ocr_line' id='line_1_6' title="bbox 166 941 1111 1024; baseline -0.001 -16"><span class='ocrx_word' id='word_1_32' title='bbox 166 944 287 1008; x_wconf 88' lang='lat' dir='ltr'>stitum</span> <span class='ocrx_word' id='word_1_33' title='bbox 318 949 373 1006; x_wconf 87' lang='lat' dir='ltr'>est</span> <span class='ocrx_word' id='word_1_34' title='bbox 397 943 441 1005; x_wconf 91' lang='lat' dir='ltr'>ab</span> <span class='ocrx_word' id='word_1_35' title='bbox 466 941 650 1024; x_wconf 90' lang='lat' dir='ltr'>episcopis,</span> <span class='ocrx_word' id='word_1_36' title='bbox 677 941 820 1005; x_wconf 89' lang='lat' dir='ltr'>ducibus</span> <span class='ocrx_word' id='word_1_37' title='bbox 846 961 887 1006; x_wconf 91' lang='lat' dir='ltr'>ac</span> <span class='ocrx_word' id='word_1_38' title='bbox 911 942 1111 1020; x_wconf 81' lang='lat' dir='ltr'>baronibus,</span> 
     </span>
     <span class='ocr_line' id='line_1_7' title="bbox 161 1038 1112 1131; baseline 0.002 -28"><span class='ocrx_word' id='word_1_39' title='bbox 161 1040 398 1131; x_wconf 84' lang='lat' dir='ltr'>juramentum</span> <span class='ocrx_word' id='word_1_40' title='bbox 421 1040 476 1103; x_wconf 91' lang='lat' dir='ltr'>die</span> <span class='ocrx_word' id='word_1_41' title='bbox 500 1039 737 1122; x_wconf 91' lang='lat' dir='ltr'>apostolorum</span> <span class='ocrx_word' id='word_1_42' title='bbox 757 1038 854 1103; x_wconf 90' lang='lat' dir='ltr'>Petri</span> <span class='ocrx_word' id='word_1_43' title='bbox 874 1046 910 1104; x_wconf 92' lang='lat' dir='ltr'>et</span> <span class='ocrx_word' id='word_1_44' title='bbox 927 1040 1043 1119; x_wconf 88' lang='lat' dir='ltr'>Pauli,</span> <span class='ocrx_word' id='word_1_45' title='bbox 1061 1048 1112 1120; x_wconf 88' lang='lat' dir='ltr'>ut,</span> 
     </span>
     <span class='ocr_line' id='line_1_8' title="bbox 166 1138 1114 1223; baseline 0.002 -22"><span class='ocrx_word' id='word_1_46' title='bbox 166 1158 268 1219; x_wconf 89' lang='lat' dir='ltr'>quam</span> <span class='ocrx_word' id='word_1_47' title='bbox 295 1139 398 1203; x_wconf 83' lang='lat' dir='ltr'>citius</span> <span class='ocrx_word' id='word_1_48' title='bbox 425 1138 710 1221; x_wconf 79' lang='lat' dir='ltr'><strong>praenominatam</strong></span> <span class='ocrx_word' id='word_1_49' title='bbox 736 1139 918 1220; x_wconf 87' lang='lat' dir='ltr'>pecuniam</span> <span class='ocrx_word' id='word_1_50' title='bbox 946 1159 1010 1203; x_wconf 86' lang='lat' dir='ltr'>rex</span> <span class='ocrx_word' id='word_1_51' title='bbox 1035 1159 1114 1223; x_wconf 85' lang='lat' dir='ltr'>per·</span> 
     </span>
     <span class='ocr_line' id='line_1_9' title="bbox 166 1236 1116 1319; baseline -0.001 -18"><span class='ocrx_word' id='word_1_52' title='bbox 166 1237 340 1313; x_wconf 81' lang='lat' dir='ltr'><strong>solvisset,</strong></span> <span class='ocrx_word' id='word_1_53' title='bbox 370 1237 536 1300; x_wconf 91' lang='lat' dir='ltr'>continuo</span> <span class='ocrx_word' id='word_1_54' title='bbox 562 1236 648 1300; x_wconf 88' lang='lat' dir='ltr'>liber</span> <span class='ocrx_word' id='word_1_55' title='bbox 673 1237 849 1319; x_wconf 88' lang='lat' dir='ltr'>proprium</span> <span class='ocrx_word' id='word_1_56' title='bbox 878 1237 1116 1318; x_wconf 73' lang='lat' dir='ltr'>regrederetur</span> 
     </span>
     <span class='ocr_line' id='line_1_10' title="bbox 167 1330 1114 1419; baseline 0.001 -21"><span class='ocrx_word' id='word_1_57' title='bbox 167 1335 211 1398; x_wconf 90' lang='lat' dir='ltr'>ad</span> <span class='ocrx_word' id='word_1_58' title='bbox 234 1354 390 1416; x_wconf 84' lang='lat' dir='ltr'>regnum.</span> <span class='ocrx_word' id='word_1_59' title='bbox 441 1330 602 1399; x_wconf 83' lang='lat' dir='ltr'>²Perlata</span> <span class='ocrx_word' id='word_1_60' title='bbox 624 1341 739 1398; x_wconf 87' lang='lat' dir='ltr'>autern</span> <span class='ocrx_word' id='word_1_61' title='bbox 763 1335 800 1397; x_wconf 90' lang='lat' dir='ltr'>in</span> <span class='ocrx_word' id='word_1_62' title='bbox 822 1334 987 1416; x_wconf 83' lang='lat' dir='ltr'>Angliam</span> <span class='ocrx_word' id='word_1_63' title='bbox 1010 1336 1114 1419; x_wconf 89' lang='lat' dir='ltr'>hujus</span> 
     </span>
     <span class='ocr_line' id='line_1_11' title="bbox 168 1432 1116 1514; baseline 0.002 -19"><span class='ocrx_word' id='word_1_64' title='bbox 168 1434 362 1496; x_wconf 76' lang='lat' dir='ltr'>concordiae</span> <span class='ocrx_word' id='word_1_65' title='bbox 390 1433 563 1497; x_wconf 87' lang='lat' dir='ltr'>sententia</span> <span class='ocrx_word' id='word_1_66' title='bbox 588 1451 610 1495; x_wconf 91' lang='lat' dir='ltr'>a</span> <span class='ocrx_word' id='word_1_67' title='bbox 634 1433 727 1514; x_wconf 81' lang='lat' dir='ltr'>regis</span> <span class='ocrx_word' id='word_1_68' title='bbox 747 1432 954 1497; x_wconf 88' lang='lat' dir='ltr'>cancellario</span> <span class='ocrx_word' id='word_1_69' title='bbox 980 1433 1116 1498; x_wconf 90' lang='lat' dir='ltr'>Willel-</span> 
     </span>
     <span class='ocr_line' id='line_1_12' title="bbox 168 1530 1116 1614; baseline 0.002 -19"><span class='ocrx_word' id='word_1_70' title='bbox 168 1551 236 1608; x_wconf 90' lang='lat' dir='ltr'>mo,</span> <span class='ocrx_word' id='word_1_71' title='bbox 254 1530 385 1595; x_wconf 89' lang='lat' dir='ltr'>Eliensi</span> <span class='ocrx_word' id='word_1_72' title='bbox 402 1532 578 1614; x_wconf 88' lang='lat' dir='ltr'>episcopo,</span> <span class='ocrx_word' id='word_1_73' title='bbox 600 1531 660 1612; x_wconf 88' lang='lat' dir='ltr'>qui</span> <span class='ocrx_word' id='word_1_74' title='bbox 682 1531 801 1594; x_wconf 89' lang='lat' dir='ltr'>literas</span> <span class='ocrx_word' id='word_1_75' title='bbox 819 1531 949 1595; x_wconf 92' lang='lat' dir='ltr'>domini</span> <span class='ocrx_word' id='word_1_76' title='bbox 968 1533 1061 1614; x_wconf 83' lang='lat' dir='ltr'>regis</span> <span class='ocrx_word' id='word_1_77' title='bbox 1080 1540 1116 1597; x_wconf 88' lang='lat' dir='ltr'>et</span> 
     </span>
     <span class='ocr_line' id='line_1_13' title="bbox 167 1630 1124 1713; baseline 0.001 -20"><span class='ocrx_word' id='word_1_78' title='bbox 167 1630 297 1694; x_wconf 89' lang='lat' dir='ltr'>bullam</span> <span class='ocrx_word' id='word_1_79' title='bbox 323 1649 463 1694; x_wconf 79' lang='lat' dir='ltr'>auream</span> <span class='ocrx_word' id='word_1_80' title='bbox 491 1630 709 1713; x_wconf 83' lang='lat' dir='ltr'>imperatoris</span> <span class='ocrx_word' id='word_1_81' title='bbox 735 1649 851 1694; x_wconf 88' lang='lat' dir='ltr'>secum</span> <span class='ocrx_word' id='word_1_82' title='bbox 870 1630 1011 1708; x_wconf 89' lang='lat' dir='ltr'>detulit,</span> <span class='ocrx_word' id='word_1_83' title='bbox 1033 1650 1124 1695; x_wconf 84' lang='lat' dir='ltr'>oon·-</span> 
     </span>
     <span class='ocr_line' id='line_1_14' title="bbox 169 1728 1116 1811; baseline 0 -19"><span class='ocrx_word' id='word_1_84' title='bbox 169 1729 265 1793; x_wconf 90' lang='lat' dir='ltr'>tinuo</span> <span class='ocrx_word' id='word_1_85' title='bbox 293 1729 379 1793; x_wconf 84' lang='lat' dir='ltr'>exiit</span> <span class='ocrx_word' id='word_1_86' title='bbox 400 1729 550 1793; x_wconf 89' lang='lat' dir='ltr'>edictum</span> <span class='ocrx_word' id='word_1_87' title='bbox 582 1747 604 1791; x_wconf 93' lang='lat' dir='ltr'>a</span> <span class='ocrx_word' id='word_1_88' title='bbox 625 1728 829 1811; x_wconf 85' lang='lat' dir='ltr'>justiciariis</span> <span class='ocrx_word' id='word_1_89' title='bbox 852 1729 955 1810; x_wconf 83' lang='lat' dir='ltr'>regis,</span> <span class='ocrx_word' id='word_1_90' title='bbox 978 1736 1018 1793; x_wconf 92' lang='lat' dir='ltr'>ut</span> <span class='ocrx_word' id='word_1_91' title='bbox 1042 1749 1116 1794; x_wconf 91' lang='lat' dir='ltr'>om·</span> 
     </span>
     <span class='ocr_line' id='line_1_15' title="bbox 169 1826 1117 1910; baseline 0.002 -21"><span class='ocrx_word' id='word_1_92' title='bbox 169 1847 230 1892; x_wconf 88' lang='lat' dir='ltr'>nes</span> <span class='ocrx_word' id='word_1_93' title='bbox 246 1827 411 1910; x_wconf 87' lang='lat' dir='ltr'>episcopi,</span> <span class='ocrx_word' id='word_1_94' title='bbox 427 1826 554 1903; x_wconf 88' lang='lat' dir='ltr'>clerici,</span> <span class='ocrx_word' id='word_1_95' title='bbox 577 1827 720 1890; x_wconf 87' lang='lat' dir='ltr'>comites</span> <span class='ocrx_word' id='word_1_96' title='bbox 739 1833 775 1892; x_wconf 86' lang='lat' dir='ltr'>et</span> <span class='ocrx_word' id='word_1_97' title='bbox 790 1829 951 1905; x_wconf 86' lang='lat' dir='ltr'>barones,</span> <span class='ocrx_word' id='word_1_98' title='bbox 969 1829 1117 1892; x_wconf 82' lang='lat' dir='ltr'>abbatiae</span> 
     </span>
     <span class='ocr_line' id='line_1_16' title="bbox 170 1926 1116 2009; baseline 0.003 -21"><span class='ocrx_word' id='word_1_99' title='bbox 170 1926 244 1990; x_wconf 83' lang='lat' dir='ltr'>&#39;sive</span> <span class='ocrx_word' id='word_1_100' title='bbox 267 1927 453 2009; x_wconf 83' lang='lat' dir='ltr'>prioratus,</span> <span class='ocrx_word' id='word_1_101' title='bbox 477 1932 636 2006; x_wconf 87' lang='lat' dir='ltr'>quartam</span> <span class='ocrx_word' id='word_1_102' title='bbox 658 1932 793 2007; x_wconf 89' lang='lat' dir='ltr'>partem</span> <span class='ocrx_word' id='word_1_103' title='bbox 817 1926 1013 1990; x_wconf 88' lang='lat' dir='ltr'>reddituum</span> <span class='ocrx_word' id='word_1_104' title='bbox 1036 1946 1116 1991; x_wconf 88' lang='lat' dir='ltr'>suo-</span> 
     </span>
     <span class='ocr_line' id='line_1_17' title="bbox 170 2022 1118 2105; baseline 0.002 -19"><span class='ocrx_word' id='word_1_105' title='bbox 170 2044 246 2086; x_wconf 91' lang='lat' dir='ltr'>rum</span> <span class='ocrx_word' id='word_1_106' title='bbox 277 2025 320 2087; x_wconf 89' lang='lat' dir='ltr'>ad</span> <span class='ocrx_word' id='word_1_107' title='bbox 342 2022 611 2105; x_wconf 87' lang='lat' dir='ltr'>redemptionem</span> <span class='ocrx_word' id='word_1_108' title='bbox 638 2024 730 2102; x_wconf 86' lang='lat' dir='ltr'>regis</span> <span class='ocrx_word' id='word_1_109' title='bbox 762 2023 976 2105; x_wconf 81' lang='lat' dir='ltr'>conferrent3</span> <span class='ocrx_word' id='word_1_110' title='bbox 1006 2032 1041 2088; x_wconf 89' lang='lat' dir='ltr'>et</span> <span class='ocrx_word' id='word_1_111' title='bbox 1064 2027 1118 2088; x_wconf 92' lang='lat' dir='ltr'>in-</span> 
     </span>
     <span class='ocr_line' id='line_1_18' title="bbox 173 2120 1119 2205; baseline 0.001 -20"><span class='ocrx_word' id='word_1_112' title='bbox 173 2142 289 2205; x_wconf 87' lang='lat' dir='ltr'>super,</span> <span class='ocrx_word' id='word_1_113' title='bbox 311 2123 355 2185; x_wconf 94' lang='lat' dir='ltr'>ad</span> <span class='ocrx_word' id='word_1_114' title='bbox 382 2121 469 2184; x_wconf 90' lang='lat' dir='ltr'>illud</span> <span class='ocrx_word' id='word_1_115' title='bbox 493 2121 634 2203; x_wconf 88' lang='lat' dir='ltr'>pietatis</span> <span class='ocrx_word' id='word_1_116' title='bbox 659 2139 759 2202; x_wconf 90' lang='lat' dir='ltr'>opus,</span> <span class='ocrx_word' id='word_1_117' title='bbox 782 2120 907 2185; x_wconf 89' lang='lat' dir='ltr'>calices</span> <span class='ocrx_word' id='word_1_118' title='bbox 936 2141 1059 2186; x_wconf 86' lang='lat' dir='ltr'>aureos</span> <span class='ocrx_word' id='word_1_119' title='bbox 1083 2129 1119 2187; x_wconf 90' lang='lat' dir='ltr'>et</span> 
     </span>
     <span class='ocr_line' id='line_1_19' title="bbox 172 2216 1119 2305; baseline 0 -22"><span class='ocrx_word' id='word_1_120' title='bbox 172 2226 356 2300; x_wconf 85' lang='lat' dir='ltr'>argenteos</span> <span class='ocrx_word' id='word_1_121' title='bbox 385 2218 613 2281; x_wconf 86' lang='lat' dir='ltr'>sustulerunt.</span> <span class='ocrx_word' id='word_1_122' title='bbox 664 2216 843 2305; x_wconf 71' lang='lat' dir='ltr'>lohannes</span> <span class='ocrx_word' id='word_1_123' title='bbox 864 2238 960 2296; x_wconf 84' lang='lat' dir='ltr'>vero,</span> <span class='ocrx_word' id='word_1_124' title='bbox 980 2219 1119 2283; x_wconf 86' lang='lat' dir='ltr'>Norwi·</span> 
     </span>
     <span class='ocr_line' id='line_1_20' title="bbox 173 2315 1120 2401; baseline 0 -20"><span class='ocrx_word' id='word_1_125' title='bbox 173 2319 286 2382; x_wconf 90' lang='lat' dir='ltr'>censis</span> <span class='ocrx_word' id='word_1_126' title='bbox 302 2317 496 2401; x_wconf 88' lang='lat' dir='ltr'>episcopus,</span> <span class='ocrx_word' id='word_1_127' title='bbox 511 2335 572 2397; x_wconf 91' lang='lat' dir='ltr'>per</span> <span class='ocrx_word' id='word_1_128' title='bbox 586 2321 696 2379; x_wconf 88' lang='lat' dir='ltr'>totam</span> <span class='ocrx_word' id='word_1_129' title='bbox 716 2315 879 2380; x_wconf 88' lang='lat' dir='ltr'>diocesim</span> <span class='ocrx_word' id='word_1_130' title='bbox 901 2336 1000 2381; x_wconf 90' lang='lat' dir='ltr'>suam</span> <span class='ocrx_word' id='word_1_131' title='bbox 1019 2317 1120 2382; x_wconf 91' lang='lat' dir='ltr'>dimi-</span> 
     </span>
     <span class='ocr_line' id='line_1_21' title="bbox 172 2414 1123 2500; baseline 0 -21"><span class='ocrx_word' id='word_1_132' title='bbox 172 2416 266 2482; x_wconf 92' lang='lat' dir='ltr'>dium</span> <span class='ocrx_word' id='word_1_133' title='bbox 285 2416 387 2500; x_wconf 90' lang='lat' dir='ltr'>pretii</span> <span class='ocrx_word' id='word_1_134' title='bbox 403 2415 446 2477; x_wconf 94' lang='lat' dir='ltr'>de</span> <span class='ocrx_word' id='word_1_135' title='bbox 468 2414 633 2478; x_wconf 85' lang='lat' dir='ltr'>calicibus</span> <span class='ocrx_word' id='word_1_136' title='bbox 656 2414 816 2497; x_wconf 88' lang='lat' dir='ltr'>sumpsit,</span> <span class='ocrx_word' id='word_1_137' title='bbox 834 2422 869 2479; x_wconf 90' lang='lat' dir='ltr'>et</span> <span class='ocrx_word' id='word_1_138' title='bbox 886 2415 1063 2493; x_wconf 85' lang='lat' dir='ltr'>dimidium</span> <span class='ocrx_word' id='word_1_139' title='bbox 1079 2416 1123 2480; x_wconf 90' lang='lat' dir='ltr'>de</span> 
     </span>
     <span class='ocr_line' id='line_1_22' title="bbox 175 2512 1121 2594; baseline 0.001 -17"><span class='ocrx_word' id='word_1_140' title='bbox 175 2516 278 2594; x_wconf 88' lang='lat' dir='ltr'>rebus</span> <span class='ocrx_word' id='word_1_141' title='bbox 300 2514 428 2578; x_wconf 91' lang='lat' dir='ltr'>habitis</span> <span class='ocrx_word' id='word_1_142' title='bbox 447 2513 522 2594; x_wconf 84' lang='lat' dir='ltr'>regi</span> <span class='ocrx_word' id='word_1_143' title='bbox 547 2512 702 2576; x_wconf 87' lang='lat' dir='ltr'>donavit.</span> <span class='ocrx_word' id='word_1_144' title='bbox 754 2512 849 2577; x_wconf 91' lang='lat' dir='ltr'>Ordo</span> <span class='ocrx_word' id='word_1_145' title='bbox 869 2513 1121 2593; x_wconf 80' lang='lat' dir='ltr'>cisterciensis,</span> 
     </span>
     <span class='ocr_line' id='line_1_23' title="bbox 174 2611 1121 2695; baseline 0.002 -20"><span class='ocrx_word' id='word_1_146' title='bbox 174 2615 234 2695; x_wconf 88' lang='lat' dir='ltr'>qui</span> <span class='ocrx_word' id='word_1_147' title='bbox 251 2613 419 2678; x_wconf 86' lang='lat' dir='ltr'>hactenus</span> <span class='ocrx_word' id='word_1_148' title='bbox 439 2611 526 2674; x_wconf 88' lang='lat' dir='ltr'>liber</span> <span class='ocrx_word' id='word_1_149' title='bbox 546 2613 589 2675; x_wconf 89' lang='lat' dir='ltr'>ab</span> <span class='ocrx_word' id='word_1_150' title='bbox 612 2611 705 2674; x_wconf 93' lang='lat' dir='ltr'>omni</span> <span class='ocrx_word' id='word_1_151' title='bbox 727 2612 910 2676; x_wconf 84' lang='lat' dir='ltr'>exactione</span> <span class='ocrx_word' id='word_1_152' title='bbox 925 2612 1121 2690; x_wconf 84' lang='lat' dir='ltr'>exstiterat,</span> 
     </span>
     <span class='ocr_line' id='line_1_24' title="bbox 173 2704 1121 2794; baseline 0.001 -20"><span class='ocrx_word' id='word_1_153' title='bbox 173 2712 291 2776; x_wconf 88' lang='lat' dir='ltr'>lanam</span> <span class='ocrx_word' id='word_1_154' title='bbox 311 2730 411 2775; x_wconf 90' lang='lat' dir='ltr'>suam</span> <span class='ocrx_word' id='word_1_155' title='bbox 435 2711 631 2773; x_wconf 89' lang='lat' dir='ltr'>universam</span> <span class='ocrx_word' id='word_1_156' title='bbox 655 2709 700 2772; x_wconf 87' lang='lat' dir='ltr'>ad</span> <span class='ocrx_word' id='word_1_157' title='bbox 725 2710 816 2791; x_wconf 85' lang='lat' dir='ltr'>regis</span> <span class='ocrx_word' id='word_1_158' title='bbox 837 2704 1121 2794; x_wconf 75' lang='lat' dir='ltr'>³redemptionem</span> 
     </span>
     <span class='ocr_line' id='line_1_25' title="bbox 176 2807 1122 2890; baseline 0.001 -18"><span class='ocrx_word' id='word_1_159' title='bbox 176 2810 280 2874; x_wconf 91' lang='lat' dir='ltr'>dedit.</span> <span class='ocrx_word' id='word_1_160' title='bbox 333 2808 444 2873; x_wconf 90' lang='lat' dir='ltr'>Nulla</span> <span class='ocrx_word' id='word_1_161' title='bbox 460 2809 607 2890; x_wconf 89' lang='lat' dir='ltr'>denique</span> <span class='ocrx_word' id='word_1_162' title='bbox 628 2807 786 2885; x_wconf 89' lang='lat' dir='ltr'>ecclesia,</span> <span class='ocrx_word' id='word_1_163' title='bbox 804 2810 920 2873; x_wconf 88' lang='lat' dir='ltr'>nullus</span> <span class='ocrx_word' id='word_1_164' title='bbox 933 2809 1031 2886; x_wconf 92' lang='lat' dir='ltr'>ordo,</span> <span class='ocrx_word' id='word_1_165' title='bbox 1045 2811 1122 2874; x_wconf 90' lang='lat' dir='ltr'>nul-</span> 
     </span>
     <span class='ocr_line' id='line_1_26' title="bbox 175 2907 1122 2990; baseline 0 -19"><span class='ocrx_word' id='word_1_166' title='bbox 175 2909 230 2971; x_wconf 91' lang='lat' dir='ltr'>lus</span> <span class='ocrx_word' id='word_1_167' title='bbox 252 2908 379 2989; x_wconf 80' lang='lat' dir='ltr'>gradus</span> <span class='ocrx_word' id='word_1_168' title='bbox 402 2907 458 2972; x_wconf 88' lang='lat' dir='ltr'>vel</span> <span class='ocrx_word' id='word_1_169' title='bbox 477 2926 583 2970; x_wconf 86' lang='lat' dir='ltr'>sexus</span> <span class='ocrx_word' id='word_1_170' title='bbox 608 2912 660 2970; x_wconf 90' lang='lat' dir='ltr'>est</span> <span class='ocrx_word' id='word_1_171' title='bbox 682 2909 947 2989; x_wconf 84' lang='lat' dir='ltr'>praetermissus,</span> <span class='ocrx_word' id='word_1_172' title='bbox 970 2909 1028 2990; x_wconf 88' lang='lat' dir='ltr'>qui</span> <span class='ocrx_word' id='word_1_173' title='bbox 1053 2928 1122 2972; x_wconf 93' lang='lat' dir='ltr'>non</span> 
     </span>
     <span class='ocr_line' id='line_1_27' title="bbox 176 2998 1121 3089; baseline 0 -19"><span class='ocrx_word' id='word_1_174' title='bbox 176 3015 357 3088; x_wconf 85' lang='lat' dir='ltr'>cogeretur</span> <span class='ocrx_word' id='word_1_175' title='bbox 379 3007 423 3069; x_wconf 93' lang='lat' dir='ltr'>ad</span> <span class='ocrx_word' id='word_1_176' title='bbox 442 3005 679 3069; x_wconf 87' lang='lat' dir='ltr'>liberationem</span> <span class='ocrx_word' id='word_1_177' title='bbox 700 3006 802 3086; x_wconf 83' lang='lat' dir='ltr'>regis.</span> <span class='ocrx_word' id='word_1_178' title='bbox 846 2998 986 3089; x_wconf 72' lang='lat' dir='ltr'>*Hujus</span> <span class='ocrx_word' id='word_1_179' title='bbox 1006 3014 1121 3070; x_wconf 88' lang='lat' dir='ltr'>autem</span> 
     </span>
     <span class='ocr_line' id='line_1_28' title="bbox 176 3101 1122 3188; baseline 0 -19"><span class='ocrx_word' id='word_1_180' title='bbox 176 3106 384 3169; x_wconf 89' lang='lat' dir='ltr'>calamitatis</span> <span class='ocrx_word' id='word_1_181' title='bbox 401 3104 573 3187; x_wconf 80' lang='lat' dir='ltr'>praesagia</span> <span class='ocrx_word' id='word_1_182' title='bbox 588 3101 797 3166; x_wconf 85' lang='lat' dir='ltr'>exstiterant</span> <span class='ocrx_word' id='word_1_183' title='bbox 810 3104 961 3168; x_wconf 86' lang='lat' dir='ltr'>insolitae</span> <span class='ocrx_word' id='word_1_184' title='bbox 974 3113 1122 3188; x_wconf 87' lang='lat' dir='ltr'>tempes-</span> 
     </span>
     <span class='ocr_line' id='line_1_29' title="bbox 177 3202 1124 3284; baseline 0.001 -18"><span class='ocrx_word' id='word_1_185' title='bbox 177 3211 279 3280; x_wconf 90' lang='lat' dir='ltr'>tates,</span> <span class='ocrx_word' id='word_1_186' title='bbox 308 3221 477 3284; x_wconf 88' lang='lat' dir='ltr'>aquarum</span> <span class='ocrx_word' id='word_1_187' title='bbox 499 3202 753 3279; x_wconf 74' lang='lat' dir='ltr'>inundationeS,</span> <span class='ocrx_word' id='word_1_188' title='bbox 778 3202 933 3266; x_wconf 90' lang='lat' dir='ltr'>tonitrua</span> <span class='ocrx_word' id='word_1_189' title='bbox 953 3204 1124 3268; x_wconf 89' lang='lat' dir='ltr'>horrenda</span> 
     </span>
     <span class='ocr_line' id='line_1_30' title="bbox 177 3300 1122 3385; baseline 0.002 -21"><span class='ocrx_word' id='word_1_190' title='bbox 177 3309 212 3364; x_wconf 90' lang='lat' dir='ltr'>et</span> <span class='ocrx_word' id='word_1_191' title='bbox 243 3300 415 3385; x_wconf 86' lang='lat' dir='ltr'>hyemalia</span> <span class='ocrx_word' id='word_1_192' title='bbox 447 3307 500 3363; x_wconf 90' lang='lat' dir='ltr'>ter</span> <span class='ocrx_word' id='word_1_193' title='bbox 520 3300 577 3363; x_wconf 89' lang='lat' dir='ltr'>vel</span> <span class='ocrx_word' id='word_1_194' title='bbox 606 3307 729 3383; x_wconf 88' lang='lat' dir='ltr'>quater</span> <span class='ocrx_word' id='word_1_195' title='bbox 753 3301 790 3362; x_wconf 91' lang='lat' dir='ltr'>in</span> <span class='ocrx_word' id='word_1_196' title='bbox 817 3301 969 3383; x_wconf 87' lang='lat' dir='ltr'>quolibet</span> <span class='ocrx_word' id='word_1_197' title='bbox 993 3321 1122 3379; x_wconf 88' lang='lat' dir='ltr'>mense,</span> 
     </span>
     <span class='ocr_line' id='line_1_31' title="bbox 177 3397 1125 3481; baseline 0.003 -20"><span class='ocrx_word' id='word_1_198' title='bbox 177 3419 253 3462; x_wconf 88' lang='lat' dir='ltr'>cum</span> <span class='ocrx_word' id='word_1_199' title='bbox 273 3397 570 3462; x_wconf 87' lang='lat' dir='ltr'>coruscationibus</span> <span class='ocrx_word' id='word_1_200' title='bbox 596 3398 806 3463; x_wconf 87' lang='lat' dir='ltr'>terribilibus</span> <span class='ocrx_word' id='word_1_201' title='bbox 828 3418 890 3481; x_wconf 90' lang='lat' dir='ltr'>per</span> <span class='ocrx_word' id='word_1_202' title='bbox 907 3406 1019 3464; x_wconf 90' lang='lat' dir='ltr'>totum</span> <span class='ocrx_word' id='word_1_203' title='bbox 1042 3402 1125 3464; x_wconf 93' lang='lat' dir='ltr'>anni</span> 
     </span>
    </p>
   </div>
   <div class='ocr_carea' id='block_1_3' title="bbox 164 3592 1128 4211">
    <p class='ocr_par' dir='ltr' id='par_1_3' title="bbox 164 3592 1128 4211">
     <span class='ocr_line' id='line_1_32' title="bbox 211 3592 1127 3659; baseline 0.001 -13"><span class='ocrx_word' id='word_1_204' title='bbox 211 3596 362 3647; x_wconf 79' lang='lat' dir='ltr'>¹Ceatamet</span> <span class='ocrx_word' id='word_1_205' title='bbox 372 3595 640 3659; x_wconf 62' lang='lat' dir='ltr'>quadragintatria]</span> <span class='ocrx_word' id='word_1_206' title='bbox 701 3592 911 3657; x_wconf 72' lang='lat' dir='ltr'>&#39;Redemptioaem</span> <span class='ocrx_word' id='word_1_207' title='bbox 927 3596 1015 3659; x_wconf 77' lang='lat' dir='ltr'>dedit]</span> <span class='ocrx_word' id='word_1_208' title='bbox 1033 3597 1127 3647; x_wconf 80' lang='lat' dir='ltr'>‘Tanto</span> 
     </span>
     <span class='ocr_line' id='line_1_33' title="bbox 176 3661 1126 3728; baseline -0.002 -12"><span class='ocrx_word' id='word_1_209' title='bbox 176 3665 304 3716; x_wconf 72' lang='lat' dir='ltr'>‘Centum‘</span> <span class='ocrx_word' id='word_1_210' title='bbox 324 3667 508 3727; x_wconf 79' lang='lat' dir='ltr'>quinquaginta</span> <span class='ocrx_word' id='word_1_211' title='bbox 533 3666 614 3715; x_wconf 85' lang='lat' dir='ltr'>millia</span> <span class='ocrx_word' id='word_1_212' title='bbox 622 3661 640 3724; x_wconf 92' lang='lat'>;’</span> <span class='ocrx_word' id='word_1_213' title='bbox 666 3666 748 3726; x_wconf 77' lang='lat' dir='ltr'>magis</span> <span class='ocrx_word' id='word_1_214' title='bbox 763 3669 824 3713; x_wconf 89' lang='lat' dir='ltr'>tunc</span> <span class='ocrx_word' id='word_1_215' title='bbox 840 3666 936 3713; x_wconf 87' lang='lat' dir='ltr'>onerati</span> <span class='ocrx_word' id='word_1_216' title='bbox 953 3670 1022 3728; x_wconf 82' lang='lat' dir='ltr'>eunt,</span> <span class='ocrx_word' id='word_1_217' title='bbox 1032 3671 1126 3726; x_wconf 87' lang='lat' dir='ltr'>quanto</span> 
     </span>
     <span class='ocr_line' id='line_1_34' title="bbox 179 3733 1127 3799; baseline -0.003 -13"><span class='ocrx_word' id='word_1_218' title='bbox 179 3736 346 3799; x_wconf 77' lang='lat' dir='ltr'>Coggeahule.</span> <span class='ocrx_word' id='word_1_219' title='bbox 381 3734 532 3796; x_wconf 69' lang='lat' dir='ltr'>*speaking</span> <span class='ocrx_word' id='word_1_220' title='bbox 549 3734 578 3782; x_wconf 83' lang='lat' dir='ltr'>of</span> <span class='ocrx_word' id='word_1_221' title='bbox 597 3735 641 3782; x_wconf 88' lang='lat' dir='ltr'>Ri·</span> <span class='ocrx_word' id='word_1_222' title='bbox 666 3733 751 3783; x_wconf 82' lang='lat' dir='ltr'>minue</span> <span class='ocrx_word' id='word_1_223' title='bbox 767 3737 842 3782; x_wconf 80' lang='lat' dir='ltr'>antea</span> <span class='ocrx_word' id='word_1_224' title='bbox 860 3734 957 3793; x_wconf 90' lang='lat' dir='ltr'>publici</span> <span class='ocrx_word' id='word_1_225' title='bbox 970 3735 1054 3783; x_wconf 80' lang='lat' dir='ltr'>oneris</span> <span class='ocrx_word' id='word_1_226' title='bbox 1070 3749 1127 3784; x_wconf 82' lang='lat' dir='ltr'>seu·</span> 
     </span>
     <span class='ocr_line' id='line_1_35' title="bbox 164 3801 1021 3869; baseline -0.001 -15"><span class='ocrx_word' id='word_1_227' title='bbox 164 3803 279 3869; x_wconf 16' lang='lat' dir='ltr'>,chard&#39;r</span> <span class='ocrx_word' id='word_1_228' title='bbox 302 3816 411 3865; x_wconf 81' lang='lat' dir='ltr'>ransom,</span> <span class='ocrx_word' id='word_1_229' title='bbox 428 3803 497 3852; x_wconf 87' lang='lat' dir='ltr'>Otho</span> <span class='ocrx_word' id='word_1_230' title='bbox 513 3803 543 3852; x_wconf 82' lang='lat' dir='ltr'>of</span> <span class='ocrx_word' id='word_1_231' title='bbox 555 3803 641 3852; x_wconf 82' lang='lat' dir='ltr'>Blaiee</span> <span class='ocrx_word' id='word_1_232' title='bbox 666 3801 773 3864; x_wconf 84' lang='lat' dir='ltr'>serant3&#39;</span> <span class='ocrx_word' id='word_1_233' title='bbox 789 3801 914 3864; x_wconf 74' lang='lat' dir='ltr'>Neubrig.</span> <span class='ocrx_word' id='word_1_234' title='bbox 925 3817 952 3863; x_wconf 86' lang='lat' dir='ltr'>p.</span> <span class='ocrx_word' id='word_1_235' title='bbox 963 3806 1021 3853; x_wconf 77' lang='lat' dir='ltr'>tw.</span> 
     </span>
     <span class='ocr_line' id='line_1_36' title="bbox 179 3874 642 3935; baseline -0.006 -13"><span class='ocrx_word' id='word_1_236' title='bbox 179 3889 248 3935; x_wconf 75' lang='lat' dir='ltr'>says,</span> <span class='ocrx_word' id='word_1_237' title='bbox 274 3874 307 3922; x_wconf 89' lang='lat' dir='ltr'>he</span> <span class='ocrx_word' id='word_1_238' title='bbox 329 3876 397 3920; x_wconf 87' lang='lat' dir='ltr'>must</span> <span class='ocrx_word' id='word_1_239' title='bbox 423 3877 467 3920; x_wconf 92' lang='lat' dir='ltr'>not</span> <span class='ocrx_word' id='word_1_240' title='bbox 490 3876 594 3920; x_wconf 84' lang='lat' dir='ltr'>venture</span> <span class='ocrx_word' id='word_1_241' title='bbox 616 3875 642 3919; x_wconf 88' lang='lat' dir='ltr'>to</span> 
     </span>
     <span class='ocr_line' id='line_1_37' title="bbox 178 3937 1128 4004; baseline 0.001 -14"><span class='ocrx_word' id='word_1_242' title='bbox 178 3945 287 3992; x_wconf 86' lang='lat' dir='ltr'>mention</span> <span class='ocrx_word' id='word_1_243' title='bbox 298 3941 340 3990; x_wconf 86' lang='lat' dir='ltr'>the</span> <span class='ocrx_word' id='word_1_244' title='bbox 350 3955 416 4002; x_wconf 84' lang='lat' dir='ltr'>aum,</span> <span class='ocrx_word' id='word_1_245' title='bbox 426 3940 473 4001; x_wconf 81' lang='lat' dir='ltr'>sor,</span> <span class='ocrx_word' id='word_1_246' title='bbox 484 3940 508 3988; x_wconf 78' lang='lat' dir='ltr'>if</span> <span class='ocrx_word' id='word_1_247' title='bbox 510 3940 542 3989; x_wconf 87' lang='lat' dir='ltr'>he</span> <span class='ocrx_word' id='word_1_248' title='bbox 548 3940 603 4002; x_wconf 91' lang='lat' dir='ltr'>did,</span> <span class='ocrx_word' id='word_1_249' title='bbox 609 3940 641 3989; x_wconf 90' lang='lat' dir='ltr'>he</span> <span class='ocrx_word' id='word_1_250' title='bbox 702 3937 804 4002; x_wconf 68' lang='lat' dir='ltr'>⁴Haius</span> <span class='ocrx_word' id='word_1_251' title='bbox 813 3944 893 3989; x_wconf 79' lang='lat' dir='ltr'>antem</span> <span class='ocrx_word' id='word_1_252' title='bbox 903 3939 1050 3989; x_wconf 72' lang='lat' dir='ltr'>calamitatis</span> <span class='ocrx_word' id='word_1_253' title='bbox 1064 3956 1128 4004; x_wconf 82' lang='lat' dir='ltr'>proe·</span> 
     </span>
     <span class='ocr_line' id='line_1_38' title="bbox 178 4003 1128 4077; baseline -0.001 -17"><span class='ocrx_word' id='word_1_254' title='bbox 178 4011 269 4060; x_wconf 81' lang='lat' dir='ltr'>should</span> <span class='ocrx_word' id='word_1_255' title='bbox 276 4014 320 4059; x_wconf 91' lang='lat' dir='ltr'>not</span> <span class='ocrx_word' id='word_1_256' title='bbox 328 4013 451 4070; x_wconf 85' lang='lat' dir='ltr'>expectto</span> <span class='ocrx_word' id='word_1_257' title='bbox 460 4011 492 4058; x_wconf 90' lang='lat' dir='ltr'>be</span> <span class='ocrx_word' id='word_1_258' title='bbox 502 4010 617 4059; x_wconf 83' lang='lat' dir='ltr'>believed</span> <span class='ocrx_word' id='word_1_259' title='bbox 624 4005 640 4070; x_wconf 89' lang='lat'>;&#39;</span> <span class='ocrx_word' id='word_1_260' title='bbox 667 4003 760 4077; x_wconf 75' lang='lat' dir='ltr'>rugia]</span> <span class='ocrx_word' id='word_1_261' title='bbox 778 4009 927 4072; x_wconf 79' lang='lat' dir='ltr'>Newburgh</span> <span class='ocrx_word' id='word_1_262' title='bbox 937 4009 984 4058; x_wconf 82' lang='lat' dir='ltr'>has</span> <span class='ocrx_word' id='word_1_263' title='bbox 996 4023 1012 4059; x_wconf 84' lang='lat' dir='ltr'>a</span> <span class='ocrx_word' id='word_1_264' title='bbox 1024 4011 1128 4072; x_wconf 79' lang='lat' dir='ltr'>chapter</span> 
     </span>
     <span class='ocr_line' id='line_1_39' title="bbox 179 4078 1127 4142; baseline 0 -14"><span class='ocrx_word' id='word_1_265' title='bbox 179 4081 260 4140; x_wconf 89' lang='lat' dir='ltr'>Mills,</span> <span class='ocrx_word' id='word_1_266' title='bbox 274 4080 303 4128; x_wconf 91' lang='lat' dir='ltr'>ii.</span> <span class='ocrx_word' id='word_1_267' title='bbox 315 4095 342 4140; x_wconf 91' lang='lat' dir='ltr'>p.</span> <span class='ocrx_word' id='word_1_268' title='bbox 354 4083 396 4140; x_wconf 76' lang='lat'>⁷8,</span> <span class='ocrx_word' id='word_1_269' title='bbox 406 4082 468 4126; x_wconf 80' lang='lat' dir='ltr'>note.</span> <span class='ocrx_word' id='word_1_270' title='bbox 667 4093 735 4139; x_wconf 85' lang='lat' dir='ltr'>upon</span> <span class='ocrx_word' id='word_1_271' title='bbox 746 4079 788 4126; x_wconf 88' lang='lat' dir='ltr'>the</span> <span class='ocrx_word' id='word_1_272' title='bbox 799 4078 964 4138; x_wconf 87' lang='lat' dir='ltr'>phaenomena</span> <span class='ocrx_word' id='word_1_273' title='bbox 975 4079 1004 4127; x_wconf 84' lang='lat' dir='ltr'>ol</span> <span class='ocrx_word' id='word_1_274' title='bbox 1016 4080 1067 4129; x_wconf 87' lang='lat' dir='ltr'>this</span> <span class='ocrx_word' id='word_1_275' title='bbox 1081 4095 1127 4142; x_wconf 83' lang='lat' dir='ltr'>pe-</span> 
     </span>
     <span class='ocr_line' id='line_1_40' title="bbox 214 4146 867 4211; baseline 0 -14"><span class='ocrx_word' id='word_1_276' title='bbox 214 4146 353 4211; x_wconf 77' lang='lat' dir='ltr'>²Perlutal</span> <span class='ocrx_word' id='word_1_277' title='bbox 365 4147 641 4209; x_wconf 59' lang='lat' dir='ltr'>Coggeshalemoltitd.</span> <span class='ocrx_word' id='word_1_278' title='bbox 666 4147 737 4207; x_wconf 80' lang='lat' dir='ltr'>riod3</span> <span class='ocrx_word' id='word_1_279' title='bbox 756 4148 791 4198; x_wconf 86' lang='lat' dir='ltr'>iv.</span> <span class='ocrx_word' id='word_1_280' title='bbox 802 4148 816 4209; x_wconf 67' lang='lat' dir='ltr'>t</span> <span class='ocrx_word' id='word_1_281' title='bbox 828 4151 867 4197; x_wconf 76' lang='grc'>39.</span> 
     </span>
    </p>
   </div>
   <div class='ocr_carea' id='block_1_4' title="bbox 0 0 1450 4876">
    <p class='ocr_par' dir='ltr' id='par_1_4' title="bbox 0 0 1450 4876">
     <span class='ocr_line' id='line_1_41' title="bbox 0 0 1450 4876; baseline 0 0"><span class='ocrx_word' id='word_1_282' title='bbox 0 0 1450 4876; x_wconf 95' lang='lat' dir='ltr'> </span> 
     </span>
    </p>
   </div>
  </div>
 </body>
</html>
