2858 4876
422 410 562 458 vnonus
585 410 855 460 msromnnuu.
1068 395 1112 458 59

164 566 314 630 tentoria
329 567 417 645 fixit,
433 569 505 645 ubi,
523 587 600 632 cum
615 568 708 633 sesso
725 569 880 633 exercitu
895 568 956 632 vix
974 587 1036 651 per
1052 568 1111 631 tri·
1125 585 1180 625 nn.
1191 585 1247 626 nor.

164 666 268 729 duum
291 668 491 748 quievisset,
517 667 644 732 adsunt
668 667 799 731 flebiles
822 668 936 731 nuntii
956 667 1113 750 cloppe

164 784 274 847 usque
302 766 346 829 ad
368 786 484 847 regem
510 766 644 844 directi,
667 767 867 831 nuntiantes
890 766 1113 830 Salaadinnm

164 883 242 926 cum
267 866 428 929 universo
452 867 606 930 exercitu
624 885 687 931 suo
703 866 727 930 J
729 887 842 949 oppen
862 867 1048 942 obsedisse,
1065 866 1113 929 ci·

165 963 377 1046 vitatemque
404 965 562 1028 celeriter
587 966 661 1028 fore
686 965 901 1048 capiendam,
927 983 1114 1046 omnesque

165 1061 291 1126 milites
315 1071 351 1127 et
370 1065 571 1141 servientes
589 1083 676 1147 quos
698 1065 743 1127 ob
763 1065 955 1128 custodiam
973 1063 1023 1127 ibi
1042 1063 1113 1127 col·

164 1161 353 1240 locaverat,
373 1163 625 1244 trucidandos]
650 1157 735 1227 ¹nisi
756 1164 858 1227 celeri
886 1162 1114 1227 subventione

165 1260 362 1341 praesidium
393 1263 482 1326 ferat
517 1263 668 1327 obsessis
686 1283 695 1342 3
736 1283 804 1345 qno
841 1263 971 1344 audito,
1004 1261 1115 1325 omnis

168 1358 444 1425 Christianorum
477 1363 650 1426 exercitus
681 1362 784 1426 valde
812 1360 1015 1445 perterritus
1049 1366 1115 1436 est,

167 1460 320 1540 graviter
332 1461 569 1542 ingemiscens.
594 1461 675 1525 Rex
687 1469 803 1525 autem
818 1460 1115 1536 Richardus,cum

168 1559 245 1621 aliis
271 1561 386 1624 animo
406 1567 661 1638 consternatus,
684 1561 805 1624 ducem
828 1560 1041 1641 Burgundiae
1063 1558 1114 1622 os·

167 1657 314 1736 sensum,
339 1666 413 1723 tum
434 1679 497 1742 per
518 1680 568 1738 se,
595 1668 668 1725 tum
694 1680 756 1743 per
781 1660 880 1736 alioS,
907 1658 951 1722 ad
975 1676 1116 1723 concor-

168 1756 260 1820 diam
292 1765 328 1822 et
358 1779 478 1841 pacem
509 1779 672 1825 revocare
699 1760 843 1836 studuit,
870 1759 1032 1823 obnixius
1059 1776 1115 1820 ro·

169 1876 257 1937 gans
289 1866 330 1922 ut
359 1866 468 1922 tantae
500 1859 690 1923 calamitati
722 1858 853 1942 aliquid
883 1858 973 1922 serat
1003 1857 1116 1920 subsi-

168 1955 285 2036 dium3
306 1977 451 2039 quorum
473 1977 593 2039 preces
611 1957 684 2021 dux
700 1958 819 2021 audire
839 1958 1043 2040 dedignans,
1059 1974 1118 2019 eo-

169 2075 311 2138 rumque
329 2057 563 2138 postulatione
585 2057 771 2138 inqnietari
787 2057 920 2133 nolens,
940 2061 1042 2120 nocte
1056 2054 1118 2118 illa

169 2174 247 2217 cum
265 2154 337 2217 suis
358 2174 477 2219 versus
493 2154 627 2238 Tyrum
649 2157 716 2219 iter
737 2155 904 2236 arripuit3
927 2174 997 2236 qno
1017 2147 1118 2215 ²dum

169 2253 396 2335 pervenisset,
417 2253 597 2318 confestim
621 2253 739 2317 divino
760 2253 959 2318 terribiliter
978 2270 1118 2335 percus·

170 2371 230 2415 sus
249 2350 381 2434 judicio
403 2359 587 2436 menteque
608 2351 779 2416 alienatus
802 2359 913 2416 morte
932 2351 1119 2416 miserabili

170 2451 278 2515 vitam
295 2451 504 2516 terminavit.

211 2621 253 2686 Ut
267 2641 322 2686 rao
338 2620 519 2686 Richordus
533 2619 749 2685 Soloodinton
765 2619 805 2684 ud
819 2620 970 2686 obsidium
982 2621 1083 2706 Joppo

548 2719 726 2804 supererit

166 2897 170 2907 .
221 2844 303 2909 Rex
327 2862 410 2908 vero
431 2843 640 2921 Richardus,
659 2851 740 2927 post
759 2851 903 2908 mortem
925 2844 1023 2909 ducis
1044 2851 1118 2908 tnr-
1105 2860 1243 2952 -ffiffi

171 2944 361 3027 pissimum,
381 2936 476 3006 ³cum
499 2962 611 3026 pauco
634 2945 800 3008 comitatu
820 2962 928 3008 naves
949 2952 1119 3009 rostratas
1131 2973 1188 3011 orere
1197 2960 1221 3001 ot

173 3044 269 3107 ocius
290 3043 472 3107 advolator
492 3043 727 3107 conscendens
749 3045 899 3109 obsessis
922 3044 1014 3126 apud
1033 3044 1057 3108 J
1059 3064 1121 3128 op

171 3163 239 3225 pen
258 3143 441 3207 subvenire
460 3142 660 3217 maturavit,
678 3143 738 3205 sed
758 3160 865 3205 naves
885 3143 921 3205 vi
939 3153 1121 3208 ventorum

174 3260 214 3304 ac
236 3242 372 3305 soevitia
396 3242 563 3304 fluctuum
588 3241 624 3303 in
649 3241 859 3303 contrarium
880 3248 1021 3306 retortae
1042 3262 1121 3307 ver-

174 3358 233 3402 sus
251 3339 405 3422 Cyprum
426 3340 558 3403 diutius
576 3340 820 3421 impelluntur3
844 3341 936 3422 quod
952 3341 1121 3418 videnteS,

175 3437 235 3521 qui
259 3437 351 3522 apud
374 3437 498 3501 Acbon
523 3446 772 3516 remanserant,
796 3440 908 3521 ipsum
932 3440 1122 3523 repatriare

175 3539 406 3620 suspicantur.
460 3536 540 3601 Rex
564 3556 647 3601 vero
672 3544 707 3601 et
734 3538 793 3619 qui
821 3557 899 3601 cum
923 3539 984 3602 illo
1010 3546 1121 3617 crant,

174 3644 297 3700 contra
318 3636 447 3699 rabiem
463 3644 644 3700 ventorum
666 3637 811 3719 remigio
828 3637 981 3702 violento
1004 3657 1121 3721 aequo-

173 3864 205 3912 de
223 3862 298 3912 celeri
315 3861 398 3911 reditu
418 3862 574 3925 providente,
590 3862 637 3912 ad·
697 3859 782 3912 'Dum
788 3860 956 3926 pervenisset]
970 3862 1056 3912 ‘Dum
1064 3879 1122 3926 per-

174 3936 232 3983 sunt
249 3932 344 3981 flebiles
356 3927 378 3993 ς’
402 3932 570 3997 Coggesbale,
587 3933 635 3984 col.
660 3934 756 3983 veniret
763 3928 778 3995 ς’
796 3933 963 3997 coggeshala

175 4006 318 4133 emm]
335 4069 438 4120 Atthis
454 4071 525 4132 point
541 4088 581 4122 we
597 4087 636 4123 re
694 4069 781 4120 ’σωκ
796 4087 871 4135 muco
891 4067 1040 4140 comem]
1059 4071 1121 4122 ibid.

175 4145 328 4192 turntoour
338 4141 503 4203 manuscript.
660 4142 709 4193 col.
721 4145 788 4203 82³5
804 4141 922 4206 Vinsaul,
932 4158 959 4205 p.
972 4146 1029 4193 364.
