2858 4876
344 396 408 461 144
600 412 731 460 nocent
746 413 803 460 ‘nn
826 412 1033 461 wannovnn

183 587 237 626 Ab·
250 587 305 625 1¹⁹⁹·
344 570 423 634 liter
449 571 666 653 postmodum
698 573 742 654 ab
775 571 869 635 illius
897 568 1051 633 ecclesiae
1083 567 1296 652 subjectione

345 670 564 749 desciverint,
590 672 664 735 haec
687 656 794 735 causa
816 679 893 749 est3
924 669 1097 751 Tempore
1119 688 1188 750 quo
1208 686 1295 749 gens

344 769 538 852 Anglorum
559 772 596 835 in
613 772 781 855 majorem
798 771 894 835 venit
916 769 1145 845 Britanniam,
1155 768 1201 833 ¹ut
1217 787 1294 831 earn

345 871 560 954 subjugaret,
577 879 613 936 et
623 892 686 935 rex
702 872 885 935 Britonum
898 868 1188 952 Uterpendragon
1201 866 1295 950 apud

345 969 582 1035 Verolamium
592 971 793 1036 infirmitate
810 970 1017 1052 gravissima
1026 968 1186 1032 detentus
1201 967 1293 1031 lecto

344 1070 578 1150 decumberet,
592 1071 643 1136 ita
657 1078 697 1135 ut
712 1091 776 1136 nec
793 1070 858 1134 sibi
875 1089 939 1133 nec
958 1088 1065 1150 regno
1088 1087 1152 1131 suo
1174 1074 1297 1132 contra

345 1171 567 1235 barbarorum
599 1172 728 1235 rabiem
761 1170 944 1235 subvenire
974 1168 1156 1250 potuisset,
1186 1168 1297 1231 fertur

345 1268 541 1352 Anglorum
573 1271 775 1354 superstitio
812 1271 848 1333 in
884 1277 1020 1334 tantum
1057 1268 1296 1350 praevaluisse,

345 1372 450 1452 quod,
464 1379 604 1436 vastata
625 1372 696 1435 sere
716 1390 738 1434 a
761 1370 848 1434 mari
871 1389 982 1452 usque
998 1368 1042 1432 ad
1059 1388 1153 1432 mare
1167 1368 1294 1444 insula,

346 1471 500 1535 ecclesiae
516 1491 626 1536 sacrae
643 1473 688 1535 ad
711 1470 823 1535 solum
838 1489 948 1553 usque
970 1469 1294 1551 complanarentur3

344 1571 526 1652 pontifices
543 1591 625 1637 vero
648 1579 684 1635 et
706 1570 927 1635 ecclesiarum
948 1568 1095 1652 praelati,
1116 1576 1296 1632 cernentes

345 1671 469 1752 patriae
499 1672 747 1737 desolationem
779 1669 882 1733 simul
914 1676 950 1734 et
983 1668 1137 1732 ecclesiae
1162 1675 1294 1732 sanctae

346 1770 616 1849 subversionem,
644 1776 858 1835 recesserunt
884 1768 929 1833 ad
963 1769 1041 1832 loca
1070 1769 1211 1844 tutiora,
1238 1769 1296 1831 de-

345 1878 524 1935 cernentes
554 1872 780 1936 communiter
813 1868 932 1934 sanius
966 1888 1042 1933 esse
1071 1869 1296 1932 barbarorum

346 1970 474 2034 rabiem
507 1972 551 2034 ad
581 1980 717 2054 tempus
746 1971 931 2047 declinare,
961 1988 1065 2052 quam
1096 1969 1186 2032 inter
1216 1967 1295 2032 fidei

347 2068 555 2136 Christiana²
581 2072 725 2135 rebelles
748 2071 822 2134 sine
846 2067 961 2134 fructu
985 2069 1146 2132 residere.
1198 2068 1296 2132 Inter

345 2189 434 2252 quos
456 2179 598 2236 sanctus
617 2170 798 2254 Sampson,
818 2169 1046 2242 Eboracensis
1066 2167 1296 2250 archiepisco·

346 2290 421 2352 pus,
442 2271 579 2334 eximiae
592 2271 646 2335 vir
670 2269 878 2347 sanctitatis,
898 2269 942 2333 ad
968 2288 1051 2333 suos
1074 2269 1234 2333 concives
1259 2269 1295 2331 in

346 2369 511 2434 minorem
542 2371 724 2453 aufugiens
751 2368 982 2446 Britanniam,
1012 2369 1070 2451 qui
1101 2387 1146 2432 ex
1175 2368 1294 2432 eodem

345 2488 470 2551 genere
495 2479 594 2536 erant
610 2479 645 2536 et
663 2478 778 2553 gente,
796 2469 951 2553 pallium,
973 2469 1066 2552 quod
1089 2487 1111 2531 a
1133 2469 1295 2532 Romano

344 2580 544 2653 susceperat
572 2571 746 2654 pontifice,
768 2589 884 2635 secum
910 2569 1086 2651 portavit;
1119 2589 1188 2651 quo
1215 2589 1295 2632 cum

344 2671 558 2751 pervenisset
580 2678 615 2736 et
637 2690 659 2734 a
686 2672 758 2736 suis
781 2670 981 2749 concivibus
1004 2668 1190 2733 honorifice
1206 2688 1284 2732 sus·

345 2776 466 2852 ceptus
489 2770 624 2849 fuisset,
647 2772 691 2834 ad
708 2770 871 2835 Dolensis
888 2769 1042 2833 ecclesiae
1057 2768 1296 2852 praesulatum,

345 2889 424 2951 quae
442 2891 551 2955 nuper
567 2870 682 2936 fuerat
697 2878 836 2954 pastore
853 2869 1008 2946 viduata,
1026 2869 1198 2933 communi
1222 2888 1296 2932 om·
1343 2856 1348 2866 ⁸

345 2967 438 3034 nium
454 2971 698 3036 deliberatione
716 2972 898 3054 episcopus
916 2969 1046 3034 electus
1063 2977 1128 3046 cst,
1146 2976 1193 3045 et,
1209 2967 1296 3051 'rege

345 3072 565 3149 concedente,
580 3071 660 3135 licet
682 3072 827 3135 multum
850 3068 1001 3133 renitens
1018 3069 1271 3133 inthronisatus
1286 3088 1295 3146 3

345 3169 380 3232 in
403 3170 464 3234 illa
486 3178 601 3235 autern
619 3171 775 3248 ecclesia,
801 3168 915 3254 quoad
933 3169 1035 3246 vixit,
1060 3168 1179 3251 pallio,
1203 3169 1296 3251 quod

346 3270 390 3332 ab
408 3270 619 3335 Eboracensi
635 3270 844 3335 monasterio
862 3269 1046 3347 detulerat,
1068 3288 1152 3332 usus
1174 3276 1237 3343 est,
1262 3276 1297 3331 et

346 3387 582 3435 successorum
601 3371 677 3455 ejus
693 3371 794 3435 multi
813 3368 1017 3452 postillam.
1064 3368 1199 3433 Deinde
1215 3388 1297 3432 vero

344 3485 445 3550 reges
468 3469 561 3534 illius
581 3471 781 3553 provinciae,
797 3489 873 3534 cum
892 3469 927 3532 in
948 3488 1057 3550 regno
1079 3468 1218 3551 proprio
1240 3487 1297 3531 ar-

344 3567 601 3652 chiepiscopum
634 3571 839 3647 habuerunt,
871 3588 940 3632 nou
970 3563 1200 3652 permiserunt
1225 3567 1297 3650 epi·

345 3685 469 3750 scopos
497 3688 591 3747 suos,
619 3673 678 3753 qui
703 3677 806 3734 antea
830 3688 964 3751 semper
987 3666 1198 3749 suffraganei
1221 3666 1297 3732 fue·

347 3775 426 3832 rant
445 3768 598 3834 ecclesiae
620 3770 845 3847 Turonensis,
869 3768 1015 3851 praesato
1038 3767 1297 3850 archiepiscopo

345 3866 542 3933 Turonensi
561 3869 711 3935 debitam
734 3869 932 3952 impendere
948 3866 1202 3947 obedientiam3
1227 3874 1298 3931 sta·

347 3974 496 4045 tuentes,
529 3976 568 4033 ut
598 3970 640 4033 de
670 3978 796 4034 caetero
823 3968 964 4032 minoris
991 3966 1182 4032 Britanniae
1209 3987 1298 4050 prae·

345 4067 439 4130 sules
456 4069 561 4132 alium
581 4069 883 4152 metropolitanum
908 4087 1011 4151 quam
1033 4068 1219 4131 Dolensem
1243 4086 1299 4130 ar·

345 4166 598 4251 chlepiscopurn
615 4189 684 4233 non
699 4169 875 4233 baberent.
922 4167 1146 4233 Postmodum
1169 4175 1298 4244 autem,
