2858 4876
438 428 577 476 nuoans
601 429 867 478 ursroaniaun.
1058 418 1124 481 309

177 580 416 644 suetudinibus
438 584 522 659 suiS,
549 591 610 647 aut
629 585 806 665 utlagatur
829 594 891 649 aut
914 583 1031 668 aliquo
1053 589 1122 652 alio
1137 607 1191 648 an
1203 608 1257 646 ιω

178 679 279 742 modo
312 680 523 758 destruatur,
557 702 620 744 nec
656 702 760 765 super
792 703 869 746 eum
903 684 1028 748 ibimus
1059 666 1258 750 neceam

176 785 254 839 e'um
275 779 311 840 in
331 797 467 842 carcere
488 780 675 857 mittemus,
696 782 763 844 nisi
785 802 847 864 per
867 783 979 864 legale
994 784 1121 868 judici·

172 884 232 937 'um
256 876 388 958 parium
412 897 553 941 suorum
570 880 625 942 vel
648 899 709 962 per
726 881 836 960 legem
855 888 966 945 terrac.
1022 882 1120 948 Nulli

176 974 373 1058 vendemus,
398 977 483 1039 nulli
509 979 710 1059 negabimus
738 987 799 1042 aut
818 979 1022 1057 differemus,
1049 1001 1121 1045 rec-

175 1079 249 1135 tum
266 1074 321 1136 vel
334 1074 519 1157 justitiam.
567 1080 696 1143 Omnes
711 1085 930 1154 mercatores,
948 1079 1014 1141 nisi
1031 1082 1119 1160 pub-

174 1170 239 1234 lice
259 1171 421 1253 prohibiti
441 1173 578 1251 luerint,
596 1175 746 1239 habeant
761 1175 893 1239 salvum
911 1184 946 1240 et
961 1169 1119 1241 securum

174 1270 269 1332 'exire
292 1271 335 1333 de
352 1269 480 1353 Anglia
499 1279 533 1336 et
551 1275 669 1337 venire
691 1275 725 1336 in
746 1273 919 1355 Angliam,
940 1282 973 1338 et
991 1279 1118 1340 morari

174 1375 209 1431 et
219 1369 280 1445 ire,
293 1376 361 1432 tam
374 1390 436 1452 per
452 1378 577 1434 terram
590 1392 694 1453 quam
710 1392 772 1454 per
788 1391 925 1453 aquam,
942 1373 986 1436 ad
1004 1394 1119 1437 emen-

172 1466 254 1528 dum
276 1469 331 1530 vel
355 1469 583 1547 vendendum,
605 1471 679 1533 sine
703 1472 860 1533 omnibus
884 1472 979 1534 toltis
1004 1473 1117 1550 malis,

171 1585 232 1646 per
246 1567 408 1648 antiquas
419 1573 454 1630 et
466 1574 579 1631 rectas
592 1569 869 1645 consuetudines
887 1576 1116 1652 praeterquam

170 1663 375 1746 intempore
396 1686 514 1729 werrae
536 1677 571 1731 et
593 1669 622 1729 si
645 1669 715 1731 sint
737 1668 779 1731 de
797 1675 889 1731 terra
910 1674 1031 1732 contra
1052 1691 1115 1733 nos

172 1763 338 1843 werrina3
366 1771 412 1840 et,
430 1766 460 1826 si
480 1765 567 1828 tales
590 1766 813 1829 inveniantur
831 1768 977 1830 interra
996 1776 1115 1831 nostra

170 1861 206 1921 in
228 1860 396 1944 principio
412 1883 542 1941 werrae,
558 1864 790 1928 attachientur
809 1864 881 1927 sine
898 1864 1023 1927 damno
1038 1885 1113 1929 cor·

168 1978 291 2039 porum
314 1962 368 2025 vel
400 1982 525 2039 rerum,
554 1963 662 2026 donec
691 1963 820 2026 sciatur
846 1982 867 2025 a
891 1963 988 2025 nobis
1016 1963 1070 2025 vel
1093 1984 1114 2027 a

169 2059 312 2140 capitali
335 2060 531 2143 justiciario
560 2069 679 2125 nostro
705 2060 876 2143 quomodo
905 2068 1112 2125 mercatores

168 2163 269 2220 terrae
289 2165 416 2222 nostrae
437 2167 628 2223 tractentur
644 2161 679 2222 in
696 2167 788 2223 terra
806 2166 928 2222 contra
947 2178 1011 2222 nos
1029 2180 1112 2223 wer·

168 2256 257 2334 rina,
280 2264 327 2334 et,
344 2258 374 2321 si
392 2259 502 2322 nostri
523 2258 612 2322 salvi
634 2259 703 2321 sint
719 2259 778 2335 ibi,
800 2258 860 2321 alii
880 2258 969 2321 salvi
991 2258 1112 2321 sintin

166 2360 260 2418 terra
276 2362 404 2419 nostra.
451 2357 487 2420 Si
501 2357 577 2438 quis
591 2357 739 2420 tenuerit
751 2358 794 2420 de
807 2358 924 2438 aliqua
938 2356 1110 2434 eschaeta,

167 2453 258 2517 sicut
280 2453 322 2517 de
344 2454 473 2518 honore
496 2455 788 2536 Walingeiordiac,
814 2455 992 2531 Bononiae,
1018 2455 1111 2519 Lau-

166 2553 313 2629 castriae,
343 2553 569 2635 Notingham,
593 2555 648 2618 vel
673 2554 715 2617 de
741 2553 818 2617 aliis
840 2552 1009 2616 eschaetis
1033 2557 1110 2634 quae

165 2651 302 2715 suntin
322 2671 425 2714 manu
447 2660 567 2716 nostra
587 2661 622 2716 et
644 2653 715 2716 sint
735 2653 899 2727 baroniae,
922 2659 958 2714 et
975 2651 1109 2729 obierit,

164 2749 275 2813 haeres
303 2749 378 2834 ejus
408 2769 477 2813 non
511 2750 569 2814 det
592 2751 685 2813 aliud
713 2751 890 2826 relevium,
916 2768 978 2811 nec
1005 2749 1110 2813 faciat

166 2849 264 2911 nobis
301 2849 394 2911 aliud
426 2850 615 2925 servitium,
644 2868 746 2932 quam
777 2848 906 2912 faceret
928 2848 1049 2911 baroni
1080 2849 1109 2910 si

165 2947 226 3010 illa
244 2946 418 3028 [baronia]
442 2955 534 3011 esset
549 2949 584 3010 in
607 2967 712 3010 manu
731 2949 889 3026 baronis3
920 2954 955 3009 et
971 2966 1034 3009 nos
1050 2965 1108 3008 eo·

164 3046 242 3108 dem
260 3045 362 3107 modo
383 3065 458 3108 eam
478 3046 677 3122 tenebimus,
695 3066 763 3127 quo
780 3047 864 3107 baro
884 3064 960 3107 eam
977 3044 1107 3123 tenuit;

165 3163 228 3207 nec
245 3162 308 3205 nos
326 3144 507 3206 occasione
523 3144 603 3206 talis
620 3144 772 3206 baroniae
789 3143 843 3205 vel
862 3142 1032 3204 eschaetae
1049 3141 1110 3204 ha-

164 3242 319 3305 bebimus
348 3241 499 3323 aliquam
528 3241 723 3305 eschaetam
751 3242 806 3304 vel
827 3240 1018 3304 custodiam
1045 3240 1108 3301 ali-

164 3359 310 3422 quorum
332 3339 507 3403 hominum
530 3347 737 3417 nostrorum,
766 3339 832 3401 nisi
855 3337 937 3401 alibi
960 3337 1109 3400 tenuerit

164 3439 207 3502 de
232 3438 331 3501 nobis
351 3439 387 3501 in
418 3438 532 3520 capite
557 3439 616 3501 ille
640 3439 698 3520 qui
720 3438 831 3501 tenuit
852 3436 1030 3499 baroniam
1054 3437 1108 3500 vel

163 3537 371 3601 eschaetam.
426 3537 554 3599 Nullus
583 3537 669 3599 liber
696 3536 798 3598 homo
825 3536 866 3598 de
894 3541 1019 3597 caetero
1050 3534 1109 3597 det

164 3635 311 3717 amplius
329 3634 432 3700 alicui
449 3635 505 3698 vel
529 3635 655 3699 vendat
676 3633 718 3698 de
736 3642 829 3697 terra
850 3651 926 3709 sua,
945 3650 1048 3714 quam
1069 3640 1109 3694 ut

163 3735 206 3797 de
229 3734 365 3797 residuo
383 3742 484 3797 terrae
503 3753 576 3796 suae
596 3733 706 3815 possit
724 3731 931 3795 sufficienter
950 3730 1024 3792 fieri
1046 3731 1108 3792 do-

163 3833 257 3896 mino
280 3832 371 3895 feodi
394 3832 570 3896 servitium
599 3832 631 3894 ei
653 3831 816 3906 debiturn,
840 3829 932 3911 quod
959 3828 1109 3909 pertinet

164 3931 208 3995 ad
233 3930 370 3993 feodum
396 3930 494 3992 illud.
558 3928 686 3991 Omnes
713 3929 851 4010 patroni
880 3926 1108 4003 abbatiarum,

164 4029 224 4111 qui
252 4028 381 4093 habent
407 4029 545 4092 chartas
575 4047 694 4109 regum
719 4024 856 4106 Angliae
887 4025 930 4087 de
960 4023 1108 4086 advoca-

161 4127 265 4203 tione,
297 4127 352 4190 vel
380 4146 441 4209 per
473 4127 651 4208 antiquam
677 4133 834 4189 tenuram
860 4124 914 4187 vel
943 4123 1108 4203 possessi-

164 4246 276 4305 onem,
307 4227 457 4290 habeant
484 4244 602 4289 earum
633 4223 824 4289 custodiam
854 4242 932 4285 cum
961 4239 1108 4285 vacave-
