2858 4876
320 390 366 458 44
579 405 713 454 nocant
737 403 785 451 nn
808 402 1015 452 wunnovnn

163 588 282 630 anun
321 573 360 632 ut
386 566 463 652 jam
493 565 579 644 dixi,
606 582 670 629 rex
702 564 920 629 Francorum*
950 563 1097 630 diversae
1124 560 1288 628 nationis

320 666 492 745 homines,
506 667 567 750 qui
585 665 629 730 ad
647 667 726 731 loca
747 673 870 730 sancta
885 665 1140 742 confluxerant,
1154 683 1194 728 se
1209 664 1287 728 sub

319 775 494 852 potestate
515 767 608 849 regis
629 765 797 830 Richardi
814 766 963 845 tradere,
982 765 1180 849 famamque
1194 784 1289 848 prof.

319 869 441 934 bitatis
469 868 545 953 ejus
570 866 703 932 indies
729 886 896 944 crescere,
922 886 965 932 eo
989 866 1083 950 quod
1111 872 1204 930 esset
1238 865 1281 931 in

320 968 493 1035 thesauris
508 966 725 1052 locupletior,
741 969 777 1032 in
798 967 972 1032 donativis
990 965 1175 1048 erogandis
1195 985 1283 1048 pro-

319 1069 441 1147 fusior,
453 1069 490 1133 in
507 1069 663 1133 exercitu
680 1069 906 1148 numerosior,
920 1066 958 1130 in
973 1065 1124 1132 hostium
1141 1085 1283 1149 expug-

320 1168 463 1235 natione
486 1168 645 1246 ierocior,
667 1176 833 1253 reputans
855 1188 919 1252 pro
936 1168 1080 1233 alterius
1098 1165 1280 1232 excellen-

251 1304 253 1308 ·
320 1271 401 1337 tiori
423 1269 536 1352 gloria
557 1269 684 1333 famam
707 1270 855 1353 propriae
878 1268 1063 1351 probitatis
1085 1267 1280 1346 obfuscari,

319 1370 488 1435 maturius
511 1389 617 1435 naves
642 1369 854 1434 conscendit.
878 1368 949 1433 His
971 1374 1089 1433 antem
1113 1367 1278 1434 omnibus

319 1463 403 1535 illud
420 1471 580 1548 accessit,
595 1470 687 1554 quod
708 1488 823 1535 comes
840 1469 1016 1535 Flandriae
1033 1469 1107 1554 jam
1126 1468 1280 1546 obierat,

318 1571 419 1657 cujus
436 1579 565 1637 terram
586 1570 772 1655 plurimum
794 1571 979 1652 gestiebat.
1011 1568 1193 1634 Juratoria
1206 1568 1285 1651 igi-

319 1679 377 1736 tur
401 1672 561 1756 praestita
584 1671 758 1749 cautione,
785 1691 830 1737 ne
851 1678 980 1736 terram
1009 1671 1102 1752 regis
1128 1666 1277 1751 Angliae

317 1772 374 1837 vel
393 1771 599 1856 principum,
617 1772 677 1854 qui
698 1791 777 1836 com
793 1791 834 1836 eo
851 1772 1086 1848 remanebant,
1100 1769 1283 1835 violenter

318 1872 510 1949 invaderet,
525 1872 687 1951 recessit3
708 1892 777 1956 qno
792 1871 984 1951 recedente,
995 1890 1058 1934 rex
1074 1870 1279 1937 Richardua

317 1972 401 2037 iecit
428 1970 561 2037 fossata
582 1971 706 2036 Achon
737 1980 774 2038 et
802 1992 977 2037 murorum
1005 1972 1176 2037 scissuras
1205 1990 1278 2054 op·

317 2072 401 2140 time
414 2073 581 2160 reparari,
597 2079 634 2138 et
650 2072 844 2138 bominibus
861 2081 897 2140 et
912 2072 1017 2139 armis
1032 2070 1266 2139 communire.

544 2252 594 2316 Do
602 2272 769 2340 propremu
784 2251 866 2338 repis
878 2200 1048 2316 auctorali.

320 2410 323 2417 ·
367 2365 465 2441 Hiis.¹
480 2374 531 2442 ita
547 2377 668 2459 gestis,
683 2377 855 2459 gloriosus
871 2396 934 2441 rex
951 2373 1148 2440 Richardus
1162 2375 1200 2439 in
1218 2377 1278 2441 vi·

266 2452 280 2482 ¹¹
313 2476 399 2559 gilia
419 2477 665 2560 assumptionis
688 2478 801 2542 beatae
828 2477 952 2542 Mariae
977 2475 1021 2541 ad
1039 2475 1272 2542 obsidendum

314 2585 349 2642 et
373 2576 646 2661 expugnandum
673 2578 865 2642 maritimas
892 2577 1054 2642 civitates
1082 2575 1128 2640 de
1155 2576 1272 2659 portis

314 2675 439 2743 Acbon
465 2678 595 2759 primus
617 2695 697 2741 cum
722 2679 795 2743 suis
819 2676 1109 2742 commilitonibus
1136 2676 1271 2742 audac-

314 2784 369 2845 ter
385 2777 618 2861 progreditur,
633 2778 764 2862 figique
786 2779 933 2843 tentoria
951 2777 1071 2863 jussit,
1087 2783 1273 2861 spectante

315 2898 335 2943 e
362 2878 477 2945 vicino
503 2880 659 2947 exercitu
688 2879 878 2957 Salaadini,
908 2879 969 2943 ubi
996 2878 1066 2943 duo
1091 2877 1200 2945 millia
1230 2886 1273 2945 et

314 2985 481 3044 sexcenta
496 2979 748 3045 Saracenorum
768 2978 995 3044 damnaverat
1016 2978 1189 3043 sententia
1205 2997 1270 3044 ca·

314 3080 414 3162 pitali
434 3100 479 3144 ex
495 3080 561 3144 biis
578 3097 668 3162 quos
683 3080 721 3144 in
738 3079 959 3144 Ptolomaida
974 3086 1138 3164 ceperant
1153 3098 1272 3161 regeS‚

311 3188 354 3253 nt
380 3181 539 3264 superius
568 3186 622 3244 est
653 3180 811 3245 relatum.
866 3178 967 3258 Quod
996 3180 1056 3243 ubi
1083 3179 1271 3245 Saracenis

313 3280 477 3358 innotuit,
494 3280 554 3363 qui
571 3281 673 3343 urbes
695 3280 887 3344 maritimas
908 3286 1176 3364 occupaverant,
1197 3299 1273 3344 me·

313 3385 452 3444 tuentes
470 3399 513 3443 ne
530 3378 634 3443 simili
655 3380 749 3444 rabie
771 3381 883 3445 ineos
906 3380 997 3444 sicut
1019 3381 1055 3444 in
1075 3379 1272 3445 Ptolomai-

313 3479 436 3544 denses
468 3478 708 3557 debaccharet,
747 3479 1005 3564 diffidentesque
1038 3480 1081 3544 de
1115 3481 1271 3545 subven-

314 3580 408 3644 tione
431 3579 620 3656 Salaadini,
643 3579 703 3662 qui
724 3600 788 3662 pro
810 3581 1044 3663 redemptione
1061 3588 1268 3646 caeterorum

313 3680 491 3762 postulata
520 3687 720 3761 negaverat,
752 3681 873 3745 relicta
901 3683 986 3745 urbe
1012 3699 1135 3759 vacua,
1165 3680 1271 3745 diffu-

314 3787 440 3862 gerunt
467 3780 585 3844 statim
618 3799 696 3844 cum
721 3781 813 3863 regis
841 3780 1028 3845 adventum
1057 3781 1266 3861 audierunt;

314 3879 379 3944 boc
401 3880 491 3945 idem
514 3880 576 3957 illi,
601 3880 661 3963 qui
689 3881 724 3944 in
748 3879 893 3966 Caypba
915 3890 951 3946 et
972 3882 1008 3945 in
1031 3881 1205 3959 Caesarea,
1226 3882 1266 3948 iu

312 3979 427 4044 -Assur
454 3987 490 4044 et
518 3978 634 4063 Joppe
656 3988 692 4045 et
715 3981 813 4046 Gaza
836 3989 871 4046 et
895 3980 1106 4048 Aschalonia
1127 3982 1265 4047 habita.-

349 4157 425 4280 ’ἐξα
433 4159 469 4208 ilo
477 4153 579 4230 gestis]
594 4160 666 4210 From
678 4160 845 4225 coggeshala,
857 4163 904 4212 col.
915 4166 971 4212 819.
1010 4162 1133 4227 Compare
1144 4163 1265 4230 vinetus,

313 4242 339 4294 P·
401 4244 484 4295 tull·
1146 4241 1149 4248 ’
