2858 4876
399 416 538 465 rnoaxs
563 416 831 467 rusrourssuu.
1027 400 1092 466 115

141 592 219 636 nem
239 572 364 637 iterum
389 575 618 658 postulantes,
640 575 832 658 exprimere
855 594 925 640 non
946 572 1089 641 sufficio.
1103 583 1227 683 ffinffll·

143 672 306 737 Substitit
341 673 397 738 hio
427 695 561 739 mecum
589 677 801 759 aliquamdiu
830 677 954 740 ductor
982 696 1091 755 meus,
1103 684 1161 776 3322·
1159 683 1257 774 ¹333&

143 772 202 836 sed
225 772 364 837 tandem
389 776 632 839 accedentibus
657 795 744 839 crux
770 777 926 858 erigitur,
951 777 1017 840 iter
1038 778 1091 840 in-

144 872 314 954 gressuris
331 880 450 957 patet3
477 875 591 939 socius
616 876 722 940 libere
746 876 950 957 ingreditur,
972 878 1092 940 subse·

142 972 273 1054 quebar
306 979 342 1037 et
373 993 452 1056 ego,
482 994 602 1040 verum
628 995 715 1039 crux
743 994 788 1039 ex
815 975 1003 1058 improviso
1032 976 1092 1039 de·

144 1070 276 1137 scandit
298 1090 403 1155 super
423 1092 546 1137 manus
567 1082 715 1155 nostras
732 1095 856 1158 meque
871 1094 893 1139 a
908 1075 1006 1139 ducis
1026 1077 1092 1138 mei

143 1177 343 1235 consectatu
371 1175 538 1252 arcebat3
572 1174 665 1257 quod
690 1194 832 1239 cernens
859 1195 925 1256 ego
949 1174 1092 1237 nimium

145 1271 388 1353 pertimescens
419 1273 489 1337 ista
521 1273 674 1337 ductoris
704 1275 770 1337 mei
802 1276 934 1337 monita
963 1272 1091 1352 audivi,

145 1369 223 1434 ‘Ne
237 1369 389 1452 paveas,'
402 1372 527 1455 inquit,
542 1378 552 1406 ‘
565 1372 665 1437 fidem
680 1381 816 1437 tantum
830 1373 955 1438 habeto
970 1374 1005 1436 in
1022 1374 1094 1438 Do-

144 1470 275 1533 minum
288 1476 324 1534 et
337 1490 480 1536 securus
494 1473 674 1554 ingredere
681 1473 700 1552 3'
718 1479 765 1550 et,
775 1474 940 1536 redeunte
955 1472 1092 1549 fiducia,

144 1588 231 1632 crux
259 1569 453 1652 ingressum
483 1574 654 1636 concessit
679 1579 714 1636 et
738 1573 877 1637 intravi.
931 1571 1092 1650 Quantus

144 1687 228 1733 vero
255 1668 371 1751 fulgor
400 1671 652 1735 inaestimabilis
684 1672 866 1749 claritatis,
893 1678 1093 1756 quantaque

144 1768 282 1832 luminis
316 1770 430 1850 gratia
466 1771 610 1835 interius
647 1772 809 1835 universa
846 1772 1041 1854 repleverit,
1072 1793 1094 1836 a

144 1888 199 1932 me
220 1887 321 1932 nemo
343 1870 520 1953 requirat;
548 1870 614 1934 hoc
639 1871 731 1934 enim
756 1873 841 1953 [non
866 1870 995 1951 solum]
1018 1882 1094 1935 ver-

145 1968 198 2031 bis
221 1968 425 2050 exprimere,
451 1970 512 2033 sed
534 1989 597 2033 nec
622 1977 738 2034 mente
757 1968 887 2034 sufficio
909 1971 1092 2035 recordari.

146 2066 316 2150 Splendor
333 2067 392 2153 ille
418 2069 567 2133 blandus
588 2077 624 2133 et
645 2088 809 2133 coruscus
832 2071 881 2132 sic
902 2071 1093 2133 intuentem

144 2167 181 2230 in
203 2185 241 2231 se
263 2168 431 2251 rapiebat,
454 2168 504 2232 sic
529 2170 651 2233 nitoris
680 2169 911 2233 immensitate
932 2188 1036 2251 super
1057 2189 1094 2232 se

146 2265 320 2345 efferebat,
342 2274 383 2331 ut
399 2267 485 2332 nihil
501 2268 538 2332 in
555 2268 631 2352 ejus
654 2269 910 2350 comparatione
928 2287 1003 2332 esse
1022 2289 1095 2332 cre-

147 2367 274 2444 derem,
290 2367 454 2450 quicquid
476 2388 531 2433 me
550 2369 698 2450 contigit
714 2379 858 2432 eatenus
879 2369 1093 2450 inspexisse3

147 2485 227 2531 nam
252 2466 415 2550 splendor
435 2467 506 2545 ille,
533 2469 692 2551 quamvis
719 2469 970 2532 inaestimabilis
991 2475 1095 2545 esset,

147 2567 313 2632 intuentis
348 2573 464 2630 tamen
497 2588 567 2632 non
601 2569 855 2644 reverberabat,
885 2569 946 2631 sed
979 2569 1095 2651 potius

148 2667 294 2732 acuebat
316 2667 495 2747 obtutum;
522 2668 664 2731 inferius
687 2675 802 2733 autem
832 2669 981 2732 intuenti
1011 2668 1096 2731 nihil

148 2767 242 2831 aliud
273 2768 475 2831 occurrebat
504 2769 571 2831 nisi
599 2767 660 2831 lux
684 2775 719 2832 et
743 2787 873 2845 murus,
896 2775 936 2831 ut
967 2768 1095 2831 dictum

149 2873 214 2944 est,
242 2866 475 2950 crystallinus.
528 2867 640 2931 Erant
665 2887 801 2951 quoque
826 2868 870 2931 ab
895 2867 965 2930 imo
988 2886 1097 2950 usque

149 2966 194 3030 ad
217 2966 450 3031 summitatem
472 2967 549 3051 ejus
575 2967 704 3048 gradus
735 2969 822 3030 mira
845 2966 1098 3049 pulchritudine

151 3065 322 3148 dispositi,
355 3085 417 3148 per
445 3086 533 3149 quos
564 3065 796 3131 ascendebant
821 3067 1013 3130 laetantium
1037 3085 1099 3147 ag»

150 3166 244 3230 mina
264 3185 346 3229 mox
369 3173 409 3230 ut
429 3174 530 3232 erant
550 3186 612 3248 per
629 3167 774 3250 januam
792 3166 1002 3244 intromissi3
1026 3166 1099 3228 nul-

150 3265 206 3329 lus
226 3265 294 3330 fuit
311 3266 570 3330 ascendentium
587 3266 697 3343 labor,
712 3265 895 3330 difficultas
914 3265 1022 3342 nulla,
1036 3284 1099 3328 nec

151 3364 268 3449 aliqua
292 3364 326 3429 in
356 3384 501 3430 ascensu
533 3385 642 3442 mora,
673 3367 755 3449 quia
782 3385 917 3447 semper
944 3365 1100 3447 superior

152 3483 257 3548 quam
273 3463 416 3529 inferior
437 3467 566 3547 gradus
594 3465 743 3529 alacrius
766 3465 1007 3529 scandebatur.
1042 3463 1099 3527 Ad

146 3563 277 3631 altiora
300 3583 383 3629 vero
408 3565 526 3630 oculos
553 3565 704 3646 dirigens
729 3564 895 3646 conspexi
916 3564 953 3627 in
975 3564 1100 3628 throno

152 3663 272 3745 gloriae
293 3664 499 3730 residentem
517 3665 705 3732 Dominum
725 3672 761 3728 et
780 3663 997 3728 salvatorem
1020 3682 1100 3726 nos-

152 3770 245 3828 trum
264 3763 300 3827 in
321 3765 436 3847 specie
455 3764 618 3841 humana,
642 3766 728 3829 etin
745 3764 890 3829 circuitu
914 3763 1102 3827 ascenden-

152 3870 207 3929 tes
239 3869 275 3927 et
304 3882 382 3926 eum
415 3865 605 3945 gratiarum
633 3865 768 3929 actione
797 3862 981 3928 adorantes
1012 3881 1103 3938 eum,

154 3969 194 4027 ut
213 3961 298 4027 mihi
316 3962 510 4042 videbatur,
532 3965 801 4047 quingentorum
824 3963 881 4027 vel
904 3962 1103 4044 septingen-

155 4070 270 4127 torum
292 4062 434 4146 spiritus
453 4064 646 4141 beatorum,
669 4064 729 4145 qui
752 4082 861 4145 nuper
882 4062 1018 4138 itinere,
1035 4080 1104 4143 quo

155 4162 360 4248 pradictum
382 4170 448 4243 est,
471 4163 516 4227 ad
541 4164 657 4229 locum
681 4162 799 4228 throni
822 4160 1104 4227 conscenderant.

962 4275 1002 4320 12
