2858 4876
340 404 387 468 20
596 415 738 463 aocuru
762 415 809 463 nu
831 414 1038 462 wnunovun

183 576 237 617 nn.
247 577 305 616 119⁰.
343 549 513 631 habenda,
541 552 600 615 sed
631 552 781 635 populus
811 571 886 616 eam
919 552 1071 634 recipere
1104 547 1300 614 recusavit.

341 644 459 738 'Tunc¹
488 673 633 734 surgens
659 652 799 736 quidam
826 653 913 734 legis
941 653 1073 734 peritus
1103 652 1164 727 ait,
1187 649 1299 713 ‘Viri

345 751 526 830 Israelitis,
554 754 670 818 audite
696 754 876 817 consilium
907 773 1030 816 meum.
1084 752 1212 815 Melius
1240 756 1299 813 est

344 854 443 917 nobis
471 855 558 917 mori
587 875 650 936 pro
679 855 756 935 lege
784 863 914 930 nostra,
945 873 1048 936 quam
1080 851 1230 915 incidere
1258 851 1296 912 in

342 973 467 1017 manus
496 954 710 1017 inimicorum
741 961 948 1030 nostrorum,
976 955 1066 1017 sicut
1087 954 1146 1017 lex
1172 958 1298 1016 nostra

343 1056 532 1136 praecepit'
585 1054 713 1118 Omnes
730 1055 849 1136 itaque
869 1073 1046 1118 assensum
1063 1054 1113 1117 illi
1135 1053 1297 1135 praehue-

343 1163 438 1232 runt,
454 1162 489 1219 et
504 1155 670 1219 accedens
687 1156 924 1238 unusquisque
945 1153 1194 1237 paterfamilias
1214 1172 1297 1216 cum

342 1256 515 1320 novacula
530 1264 635 1320 acuta
651 1256 807 1337 inprimis
830 1255 1025 1319 inciderunt
1045 1261 1189 1336 guttura
1204 1273 1297 1316 uxo·
1339 1280 1343 1287 ·

343 1375 422 1418 rum
446 1364 481 1420 et
506 1356 653 1420 filiorum
677 1364 713 1421 et
733 1356 880 1419 filiarum
907 1375 1046 1420 suarum
1073 1361 1108 1419 et
1132 1355 1211 1418 inde
1236 1362 1295 1418 to-

342 1456 417 1520 tius
438 1456 577 1521 familiae
604 1476 689 1534 suae,
712 1458 998 1540 projeceruntque
1016 1464 1172 1520 mortuos
1198 1474 1297 1531 suos,

345 1575 432 1639 quos
447 1558 728 1621 sacrificaverunt
742 1558 932 1634 daemoniis,
952 1577 1057 1639 super
1077 1556 1297 1621 Christianos

342 1664 446 1721 extra
469 1677 624 1738 murum;
648 1658 735 1722 alios
759 1667 875 1722 autem
892 1658 1091 1722 interfectos
1108 1666 1143 1721 et
1159 1657 1297 1739 seipsos

346 1759 560 1822 incluserunt
593 1759 628 1821 in
659 1759 761 1822 domo
791 1760 898 1841 regia,
926 1768 973 1836 et,
1008 1759 1169 1841 apposito
1198 1758 1297 1839 igne,

344 1859 479 1940 seipsos
501 1878 578 1922 cum
599 1859 755 1922 domibus
774 1860 880 1940 regiis
901 1861 1174 1923 combusserunt.
1212 1858 1298 1937 Quo

347 1957 452 2033 facto,
474 1959 566 2022 cives
582 1966 617 2022 et
634 1961 759 2023 milites
773 1960 919 2024 aedificia
933 1959 956 2023 J
959 1960 1134 2023 udaeorum
1154 1979 1300 2024 concre-

344 2066 493 2136 mantes,
521 2079 597 2122 cum
623 2060 752 2124 chartis
777 2059 982 2138 debitorum,
1012 2060 1211 2125 thesaurum
1235 2081 1300 2126 eo-

343 2177 420 2223 rum
437 2161 504 2223 sihi
518 2153 760 2225 ²retinuerunt.

346 2325 534 2410 (laufridus,
550 2325 753 2391 Eboracensis
767 2326 885 2403 electus,
893 2325 1053 2412 presbyter
1067 2337 1108 2391 est
1120 2327 1301 2393 ordinatus.

184 2437 284 2486 currey,

180 2488 334 2538 „mmmm
382 2451 512 2516 ·Circa
543 2452 616 2517 dies
645 2453 731 2516 istos
753 2452 950 2516 Willelmus
982 2454 1176 2536 episcopus,
1203 2456 1301 2536 regis

184 2539 310 2628 {llln‘ldoel
345 2552 571 2617 cancellarius
612 2561 648 2617 et
680 2552 819 2633 Angliee
859 2553 1087 2635 justiciarius,
1123 2555 1215 2636 cepit
1250 2555 1298 2619 ad

185 2640 258 2688 ΡΜ*
346 2672 434 2735 opus
462 2653 555 2735 regis
579 2654 622 2717 de
646 2653 792 2734 singulis
815 2654 1014 2717 civitatibus
1044 2654 1183 2736 Angliae
1207 2655 1300 2721 duos

345 2753 534 2836 palefridos
560 2760 596 2817 ct
618 2754 760 2817 totidem
783 2756 1001 2831 summarios
1023 2755 1123 2818 etde
1145 2756 1299 2822 abbatiis

347 2854 493 2936 singulis
515 2874 620 2919 unum
644 2854 848 2936 palefridum
863 2863 910 2919 =et
935 2856 1158 2919 summarium
1175 2876 1298 2923 unum.

346 2949 496 3018 Eodem³
518 2963 672 3038 tempore
694 2956 717 3019 J
720 2956 884 3030 ohannes,
907 2955 1089 3038 episcopus
1110 2955 1299 3022 Candidae-

272 3105 273 3108 ,
347 3074 447 3131 casae,
474 3055 700 3119 Eboracensis
728 3056 882 3120 ecclesiae
913 3056 1164 3139 suffraganeus
1197 3056 1298 3123 Gau·

343 3154 485 3233 fridum,
517 3157 766 3220 Eboracensem
797 3156 956 3231 electum,
987 3158 1023 3220 in
1056 3159 1298 3242 presbyterum

343 3255 530 3320 ordinavit.
593 3256 662 3320 Per
694 3256 782 3320 idem
812 3263 948 3340 tempus
980 3258 1102 3322 electio
1136 3258 1297 3340 praedicti

344 3355 509 3420 Gaufridi
546 3377 567 3420 a
608 3376 701 3439 papa
739 3357 917 3422 Clemente
957 3359 1190 3436 confirmatur,
1233 3364 1298 3442 qui

340 3457 438 3520 inter
460 3465 598 3532 caetera,
627 3476 704 3538 quae
732 3457 884 3539 capitulo
903 3458 1112 3522 Eboracensi
1142 3460 1297 3542 scripsit,

347 3557 384 3620 in
411 3558 478 3621 fine
509 3557 703 3641 subjunxit,
727 3557 932 3621 ‘Monemus
957 3559 1066 3640 igitur
1088 3560 1298 3626 universita-

383 3759 594 3833 ¹Taacsurgeac.]
606 3764 810 3814 Benedict.Abb.
836 3766 1301 3829 cipalsflyingintoScotland,hewas

347 3854 373 3901 p.
386 3842 443 3888 ⁶85.
836 3837 936 3898 obliged
945 3843 970 3886 to
981 3839 1012 3886 be
1021 3843 1121 3887 content
1126 3841 1189 3888 with
1195 3840 1302 3905 heuvily

382 3899 586 3973 ²ltetinuerunt.]
615 3905 691 3966 Upon
706 3904 812 3967 hearing
836 3907 913 3969 fining
929 3907 972 3955 the
991 3909 1095 3957 citizens
1113 3911 1250 3974 according
1273 3919 1300 3964 to

348 3978 378 4028 of
391 3979 442 4027 this
459 3977 628 4038 persecution,
638 3976 681 4025 the
696 3975 758 4037 king
771 3991 810 4023 or·
835 3977 900 4025 their
911 3983 1046 4040 property3
1063 3980 1222 4045 Newburgh.

347 4049 424 4099 dered
441 4048 484 4097 the
501 4046 642 4095 chancellor
660 4047 772 4108 severely
784 4052 809 4095 to
870 4045 978 4096 ³Eodem
989 4052 1113 4114 tempore]
1131 4052 1184 4101 The
1202 4053 1257 4102 bull
1273 4056 1306 4104 of

346 4118 442 4182 punish
453 4118 495 4166 the
506 4116 646 4176 offenders3
662 4117 695 4165 he
707 4117 809 4165 accord·
835 4117 990 4167 Clementis
1010 4122 1083 4181 given
1106 4127 1132 4171 at
1153 4123 1239 4185 length
1264 4125 1301 4188 by

345 4191 416 4252 ingly
424 4192 493 4238 went
503 4191 528 4235 to
535 4186 616 4248 York‚
624 4188 679 4251 but,
686 4187 728 4236 the
740 4188 808 4248 prin·
835 4189 936 4250 Diceto,
946 4192 994 4240 col.
1006 4194 1063 4240 653.
