2858 4876
436 399 575 448 rnonrs
599 400 869 451 msuoamauu.
1058 388 1125 454 367

176 558 265 622 betis
301 578 425 640 cogere
459 578 513 623 me
546 578 589 622 ne
623 577 813 640 prosequar
838 559 898 643 jus
930 579 1056 638 meum,
1089 569 1123 626 et
1134 580 1191 622 no.
1202 581 1258 619 1216.

176 659 349 740 praecipue
380 658 450 722 tale
476 658 548 742 jue,
579 658 621 722 de
653 678 721 741 quo
759 658 843 722 mihi
879 678 949 724 non
979 661 1124 742 potestis

172 757 346 841 justitiam
373 758 546 822 exhibere.
613 759 716 840 Rogo
742 759 862 842 itaque
886 779 950 824 vos
977 780 1021 823 ne
1046 781 1124 844 pro-

175 858 327 940 positum
351 877 464 923 meum
495 857 716 941 praepediatis
740 859 824 940 quin
851 878 1041 942 prosequar
1064 859 1125 944 jus

177 977 302 1035 meum,
325 957 407 1040 quia
430 978 494 1040 pro
520 956 722 1021 haereditate
749 959 869 1021 uxoris
898 978 983 1022 meae
1014 979 1126 1042 usque

177 1057 221 1121 ad
249 1063 408 1135 mortem,
436 1058 466 1122 si
493 1057 682 1121 necessitas
711 1058 875 1139 coegerit,
901 1058 1084 1123 decertabo
1098 1060 1125 1140 ;'

177 1156 292 1221 ethis
324 1158 426 1221 dictis
458 1156 663 1220 Lodowicus
695 1176 775 1220 cum
806 1158 878 1220 suis
904 1177 926 1221 a
952 1159 1125 1242 colloquio

176 1259 329 1320 recessit.
388 1256 492 1335 Quod
520 1255 641 1321 videns
666 1256 804 1338 legatus
838 1257 976 1338 rogavit
1008 1277 1124 1339 regem

180 1357 406 1434 Francorum,
425 1364 465 1420 ut
481 1355 617 1419 salvum
639 1357 704 1419 sibi
724 1357 931 1420 conductum
957 1359 1125 1439 praeberet

177 1475 287 1538 usque
307 1456 352 1520 ad
369 1475 485 1536 mare3
509 1456 565 1519 cui
587 1475 649 1519 rex
672 1455 861 1537 respondit,
884 1456 981 1520 ‘Per
998 1465 1125 1522 terram

178 1565 332 1621 nostram
350 1557 525 1638 propriam
540 1556 748 1620 conductum
771 1556 916 1620 libenter
931 1559 1125 1638 praestabo;

178 1655 238 1721 sed
259 1657 291 1720 si
309 1656 399 1720 forte
420 1655 580 1719 incideris
596 1655 631 1717 in
655 1674 777 1718 manus
800 1644 979 1720 Eustachii
1003 1656 1127 1722 Mona-

178 1756 245 1833 chi,
265 1757 321 1820 vel
344 1756 488 1819 aliorum
511 1754 687 1818 hominum
711 1754 899 1832 Lodowici,
926 1757 987 1839 qui
1009 1765 1126 1822 custo·

179 1856 279 1920 diunt
303 1857 444 1920 semitas
475 1856 592 1932 maris,
617 1874 687 1918 non
714 1854 798 1917 mihi
822 1856 972 1936 imputes
991 1857 1022 1919 si
1043 1857 1126 1938 quid

180 1956 243 2019 tibi
268 1956 399 2019 sinistri
428 1954 633 2037 contingat!
699 1953 790 2018 Haec
817 1955 961 2019 audiens
988 1954 1125 2038 legatus

178 2056 288 2120 iratus
305 2074 326 2119 a
342 2055 439 2119 curia
454 2055 606 2119 recessit.

231 2227 374 2308 Qualiter
388 2225 581 2305 Lodowicas,
598 2236 723 2312 occepta
738 2250 760 2292 a
767 2236 863 2314 putre
879 2228 1016 2307 licentio,
1031 2229 1066 2293 ia

470 2407 473 2411 y
525 2327 677 2413 Aeoliam
692 2327 783 2392 omit.

232 2451 436 2516 Lodowicus
466 2459 588 2536 postea
620 2453 657 2515 in
687 2452 839 2516 crastino
870 2454 982 2516 sancti
1014 2453 1127 2517 Marci
1139 2468 1291 2559 fflitblitf

183 2551 405 2633 evangelistae
447 2552 540 2635 apud
578 2552 700 2616 Melun
735 2552 876 2616 veniens
913 2552 957 2616 ad
994 2559 1127 2634 patrem
1139 2569 1230 2610 ruina.

182 2671 293 2730 suum,
317 2651 456 2732 rogavit
482 2671 560 2715 eum
587 2671 665 2715 cum
693 2652 890 2735 lachrymis,
919 2672 962 2717 ne
989 2652 1044 2715 sui
1070 2653 1128 2715 iti·

180 2751 271 2814 neris
293 2751 507 2833 propositum
530 2750 732 2833 impediret;
756 2751 889 2815 addidit
903 2752 1021 2829 etiam,
1035 2751 1127 2834 quod

181 2852 368 2915 baronibus
382 2849 524 2933 Angliae
538 2850 775 2935 juramentum
796 2852 1019 2934 praestiterat,
1035 2851 1128 2934 quod
1219 2913 1221 2916 ,

181 2951 265 3032 ipsis
291 2951 427 3015 veniret
447 2951 483 3013 in
516 2969 729 3027 succursum,
760 2950 852 3015 unde
878 2950 1058 3033 praeelegit
1083 2951 1128 3015 ad

181 3057 316 3132 tempus
337 3050 628 3114 excommunicari
645 3068 667 3112 a
683 3069 787 3132 papa,
803 3069 907 3133 quam
928 3050 1055 3113 crimen
1074 3048 1128 3112 in-

181 3169 317 3214 currere
336 3147 512 3213 falsitatis
564 3148 698 3213 Videns
721 3155 836 3212 autem
858 3167 922 3211 rex
940 3150 1128 3213 constanti·

180 3267 236 3312 am
261 3248 323 3311 filii
348 3248 402 3311 sui
428 3254 463 3311 et
491 3248 597 3312 animi
624 3248 820 3330 angustiam
846 3247 1022 3312 licentiam
1048 3268 1129 3312 con-

181 3348 285 3412 cessit
314 3347 365 3410 illi
397 3354 432 3412 et
458 3366 536 3411 cum
570 3347 808 3411 benedictione
837 3347 977 3411 dimisit.
1029 3346 1128 3412 Tunc

182 3446 399 3523 Lodowicus,
418 3446 533 3510 missis
556 3447 600 3510 ad
619 3447 750 3511 curiam
774 3446 967 3511 Romanam
987 3447 1129 3523 nuntiis,

181 3547 241 3630 qui
265 3546 314 3611 ibi
336 3544 409 3630 jus,
435 3546 528 3628 quod
554 3546 620 3611 sibi
646 3546 690 3610 de
716 3567 824 3628 regno
843 3545 984 3628 Angliae
1008 3547 1127 3612 vendi-

181 3648 295 3724 cabat,
321 3664 437 3709 coram
466 3645 605 3710 domino
633 3665 728 3729 papa
751 3653 1037 3729 protestarentur,
1063 3647 1128 3711 sub

182 3747 274 3809 omni
298 3745 475 3810 celeritate
501 3764 580 3809 cum
601 3747 797 3823 comitibus,
818 3745 1018 3823 baronibus,
1040 3747 1129 3810 mili·

180 3845 272 3909 tibus
297 3851 333 3908 et
353 3845 581 3909 servientibus
609 3844 739 3924 multis,
757 3846 816 3928 qui
842 3864 958 3909 secum
974 3847 1041 3908 iter
1054 3844 1129 3909 An-

181 3945 355 4027 glicanum
374 3944 592 4027 juraverant,
615 3943 795 4010 festinavit
819 3944 864 4008 ad
888 3963 993 4020 mare,
1017 3951 1057 4007 ut
1079 3945 1128 4007 le-

181 4053 301 4126 gatum
316 4045 353 4108 in
368 4041 533 4127 Angliam
551 4044 768 4128 praeveniret.
816 4042 1005 4109 Venientes
1023 4042 1130 4125 igitur

181 4145 333 4210 universi
359 4144 403 4208 ad
428 4143 543 4210 Calais
571 4150 721 4226 portum,
746 4144 953 4209 invenerunt
979 4142 1027 4206 ibi
1051 4161 1131 4206 sex-
