2858 4876
451 405 591 453 riorus
615 408 885 459 srsroatnuuu.
1075 400 1142 466 323

187 564 439 648 supposuisset,
455 564 539 629 dicti
551 566 697 629 barones
711 567 934 649 appellationi
951 568 1052 634 factae
1069 590 1137 637 non
1150 592 1206 634 an.
1217 595 1273 636 ιω.

187 663 380 729 deferentes
415 665 592 755 civitatem
623 665 892 745 Londoniarum,
923 688 1001 749 quae
1031 680 1137 754 caput

186 764 284 845 regni
298 765 353 828 sui
373 771 439 840 est,
458 766 653 847 proditione
675 766 741 830 sibi
762 767 926 831 traditam
945 788 1136 851 occupave-

185 872 268 927 runt
297 871 334 928 et
358 865 472 928 adhuc
499 864 655 929 detinent
682 875 909 949 occupatam
940 869 1134 950 quodcum

185 961 313 1027 factum
347 963 482 1041 fuisset,
514 965 558 1028 ad
591 984 698 1047 equos
727 966 951 1031 convolantes
976 977 1013 1031 et
1037 987 1134 1036 arma

184 1071 377 1144 exegerunt
391 1083 509 1146 aroge
530 1064 708 1128 libertates
729 1067 950 1148 praescriptas
971 1068 1037 1131 sibi
1050 1089 1133 1133 con-

183 1161 325 1240 firmari,
348 1165 504 1248 ipseque,
524 1183 640 1228 eorum
665 1172 821 1229 metuens
841 1167 1017 1247 impetum,
1040 1171 1132 1250 quod

182 1263 348 1343 petebant
371 1283 441 1327 non
466 1283 572 1327 ausus
592 1271 645 1327 cst
662 1264 843 1344 denegare.
896 1265 1132 1334 Perrexerunt

182 1363 294 1426 nuntii
312 1364 493 1428 memorati
511 1364 651 1427 domino
674 1384 776 1447 papae
798 1365 957 1448 quaedam
978 1368 1132 1449 capitula

182 1461 225 1526 de
260 1464 382 1528 charta
414 1463 582 1546 praedicta
616 1464 650 1526 in
678 1465 844 1547 scriptum
873 1466 1022 1542 redacta,
1052 1487 1130 1547 quae

181 1581 296 1627 causae
321 1565 414 1645 regis
440 1565 551 1645 magis
581 1583 769 1645 congruere
792 1565 1020 1644 videbantur;
1052 1585 1130 1648 quae

180 1681 258 1725 cum
282 1664 465 1746 diligenter
485 1663 706 1745 inspexisset,
729 1683 806 1728 cum
830 1664 1056 1729 admiratione
1076 1686 1131 1730 re·

180 1763 332 1844 spondit,
348 1768 359 1797 ‘
373 1762 551 1845 Numquid
572 1764 718 1827 barones
737 1762 876 1844 Angliae
895 1784 1011 1844 regem
1028 1783 1128 1831 cruce

179 1863 356 1943 signatum
395 1870 431 1926 ct
461 1864 526 1926 sub
559 1864 772 1945 protectione
803 1862 894 1927 sedis
927 1865 1128 1944 apostolicae

179 1963 406 2027 constitutum
428 1982 450 2026 a
476 1962 563 2026 solio
586 1963 684 2044 regni
709 1963 868 2025 nituntur
890 1962 1072 2044 depellere,
1092 1974 1128 2028 et

178 2061 367 2125 dominium
376 2063 546 2126 Romanae
564 2062 718 2125 ecclesiae
734 2062 779 2125 ad
791 2061 897 2125 alium
914 2062 1126 2127 transferret

178 2160 248 2225 Per
278 2169 435 2225 sanctum
459 2161 614 2238 Petrum,
639 2161 729 2225 hanc
760 2161 921 2245 injuriam
950 2163 1126 2244 praeterire

178 2280 247 2325 non
271 2262 461 2344 poterimus
482 2261 686 2344 impunitam
701 2262 721 2325 !'
772 2261 872 2324 Tunc
887 2281 990 2344 papa,
1007 2262 1127 2327 habita

176 2361 424 2425 deliberatione
455 2380 533 2425 cum
565 2361 808 2437 cardinalibus,
842 2362 996 2425 chartam
1031 2381 1124 2444 saepe

173 2461 302 2525 dietam
325 2461 367 2524 de
388 2461 605 2525 libertatibus
623 2462 723 2542 regni
741 2460 881 2542 Angliae
899 2463 1070 2525 concessis
1086 2463 1123 2525 in

173 2569 377 2643 perpetuum
392 2581 454 2644 per
470 2561 674 2625 senteutiam
691 2560 906 2625 diffinitivam
924 2561 1123 2626 damnatam

173 2662 337 2738 cassavit,
361 2662 447 2725 etin
467 2661 560 2724 illius
581 2662 630 2724 rei
648 2661 882 2727 testimonium
898 2662 972 2741 regi
988 2659 1122 2743 Auglo·

172 2780 248 2824 rum
264 2761 483 2843 privilegium
498 2761 727 2843 subscriptum
743 2761 955 2839 transmisit3

218 2934 371 3008 Quomodo
379 2954 440 3019 por
449 2934 657 3019 pricilopiam
672 2933 939 3017 sedisapostolicae
954 2943 1079 2997 comata

368 3043 439 3097 suat
455 3031 609 3097 libertates
624 3031 773 3097 baronum
787 3033 921 3117 Aopla’ae.

220 3150 483 3223 ‘Innocentius¹
502 3158 695 3239 episcopuS,
709 3174 831 3219 servus
847 3173 1024 3218 servorum
1040 3152 1119 3230 Dei,
1132 3177 1245 3268 imin

170 3257 341 3322 universis
365 3258 494 3321 Christi
512 3256 670 3320 fidelibus
690 3255 779 3318 hanc
798 3254 963 3336 paginam
983 3254 1117 3335 inspec-
1132 3278 1240 3327 „merny

169 3357 269 3435 turis,
283 3359 481 3423 salutemet
496 3357 721 3438 apostolicam
735 3354 1018 3418 benedictionem.
1058 3353 1118 3416 Et·
1130 3328 1167 3368 ‘¹¹⁰
1179 3338 1239 3378 ⁹⁰⁹⁰·

169 3457 200 3520 si
228 3459 425 3522 carissimus
449 3457 486 3519 in
510 3455 650 3520 Christo
673 3455 765 3518 filius
789 3461 907 3517 noster
926 3452 1119 3530 Johannes,

167 3576 233 3620 rex
249 3557 443 3640 Anglorum
457 3556 616 3632 illustris,
637 3554 751 3618 Deum
768 3560 803 3618 et
818 3553 999 3617 ecclesiam
1014 3552 1117 3616 vehe-

167 3663 302 3722 menter
320 3656 512 3734 offenderit,
532 3657 623 3719 unde
645 3673 708 3718 nos
731 3674 808 3717 eum
824 3652 962 3718 viuculo
978 3671 1117 3715 excom-

167 3756 411 3821 municationis
432 3756 672 3820 innodavimus
695 3759 730 3817 et
751 3772 896 3836 regnum
915 3751 990 3835 ejus
1010 3750 1116 3815 eccle

166 3857 308 3921 siastico
336 3857 545 3941 subjecimus
574 3854 771 3929 interdicto,
796 3855 871 3936 ipse
894 3858 1022 3927 tamen,
1048 3850 1118 3914 Illo

165 3956 431 4020 misericorditer
457 3956 661 4037 inspirante,
686 3952 747 4035 qui
778 3972 846 4016 non
868 3953 944 4015 vult
971 3956 1115 4013 mortem

163 4057 370 4140 peccatoris,
396 4056 457 4120 sed
479 4064 518 4120 ut
541 4060 764 4118 convertatur
787 4059 823 4115 et
848 4051 955 4126 vivat,
977 4048 1117 4112 tandem

164 4160 1109 4182 Μ

411 4213 602 4280 'Innocentius.]
621 4213 753 4281 Rymer,i.
764 4227 790 4273 p.
803 4215 860 4260 1³5.
997 4282 1012 4327 2

969 4293 985 4328 u
