2858 4876
336 395 401 460 146
593 407 726 460 aoeuru
751 408 798 454 ou
820 405 1027 455 wauoovun

179 600 302 643 anua.
338 568 458 645 helles,
480 573 585 648 atque
605 566 696 628 inter
718 564 900 646 episcopos
920 562 1143 626 Turonenses
1166 566 1200 623 et
1217 559 1292 623 Do·

339 669 469 733 lensem
489 667 534 731 lis
557 665 722 730 continua
743 672 779 729 et
801 662 977 729 contentio
1000 660 1212 744 perduravit,
1230 658 1292 723 do·

341 789 404 834 nec
427 786 517 832 anno
546 765 723 848 praesenti,
754 772 793 829 ut
827 762 1030 846 praedictum
1062 768 1127 838 est,
1151 779 1173 823 a
1201 779 1293 842 papa

341 860 500 953 praefato'
526 864 777 928 sententialiter
793 862 975 927 diffinitum
993 868 1057 939 est,
1075 868 1115 925 ut
1133 867 1205 924 tam
1221 860 1292 924 Do-

342 967 447 1041 lensis
472 985 575 1049 quarn
596 964 712 1028 caeteri
736 963 926 1028 Britanniae
947 962 1100 1044 episcopi
1122 960 1292 1042 archiepi-

342 1087 448 1150 scopo
459 1064 653 1130 Turonensi
667 1063 871 1147 subjaceant
885 1069 920 1125 et
934 1063 970 1124 in
988 1069 1191 1144 perpetuum
1206 1079 1294 1142 prae-

343 1169 453 1251 ceptis
467 1166 543 1249 ejus
561 1163 734 1229 canonicis
751 1163 992 1245 acquiescant;
1013 1160 1104 1224 unde
1120 1179 1212 1244 papa
1226 1180 1295 1222 me-

344 1274 499 1332 moratus
524 1265 561 1328 iu
585 1263 866 1346 pronuntiatione
887 1262 1069 1326 sententiae
1092 1259 1295 1336 diffinitivae,

345 1367 454 1450 utqui
471 1366 507 1429 iu
522 1364 668 1428 scientia
682 1371 758 1428 erat
769 1381 927 1444 magnus
940 1362 1057 1425 audax
1076 1360 1178 1424 simul
1188 1359 1297 1443 juris-

346 1469 489 1552 peritus,
504 1466 555 1528 ita
569 1482 714 1527 exorsus
732 1464 793 1538 ait,
809 1461 963 1527 ‘Doleat
980 1461 1143 1528 Dolensis
1160 1468 1196 1525 et
1212 1479 1295 1542 gau-

244 1566 247 1570 ’
347 1569 427 1631 deat
445 1563 681 1629 Turonensis!

397 1739 438 1803 Ut
452 1737 583 1802 Alcanor
597 1729 705 1829 rapina
720 1736 814 1801 missa
820 1736 928 1821 faerit
934 1758 998 1822 pro
1007 1736 1133 1801 Blanca
1143 1736 1254 1821 puella

620 1837 782 1901 Lodomc'co
796 1837 989 1900 maritanda.

186 1980 240 2019 nn.
252 1981 308 2019 1200.
397 1957 502 2023 Anno
520 1961 643 2042 gratiae
669 1977 752 2024 mcc.
772 1954 854 2024 ²rex
879 1961 1090 2025 Francorum
1114 1959 1298 2043 Philippus

185 2032 258 2073 Quaen
267 2032 327 2070 Elea·

185 2081 320 2119 noranta:
348 2067 384 2124 et
407 2079 470 2123 rex
496 2058 691 2142 Anglorum
715 2060 908 2138 Iohannes,
931 2069 1011 2144 post
1032 2060 1157 2125 festum
1184 2061 1297 2124 sancti

173 2131 280 2228 ,323th
290 2131 314 2169 οἰ
348 2159 479 2232 Hilarii
495 2160 585 2224 inter
598 2160 742 2224 Wailun
758 2168 794 2224 et
809 2161 988 2225 Butanant
1008 2160 1152 2225 castella
1168 2159 1211 2223 ad
1228 2161 1300 2224 col-

349 2260 504 2341 loquium
524 2267 772 2338 couveneruut,
795 2261 853 2324 ubi
873 2261 1036 2326 convenit
1051 2261 1142 2325 inter
1159 2259 1297 2324 eosdem

349 2378 449 2442 reges
484 2378 562 2423 curn
594 2361 738 2425 consilio
771 2360 964 2444 principum
986 2361 1166 2442 utriusque
1188 2362 1298 2442 regui,

350 2460 442 2542 quod
460 2459 621 2524 videlicet
637 2459 853 2537 Lodowicus,
871 2461 963 2525 filius
977 2461 1070 2543 regis
1087 2461 1298 2525 Francorum

350 2567 385 2623 et
409 2560 531 2637 haereS,
555 2560 694 2624 duceret
713 2580 857 2625 uxorem
874 2561 979 2625 filiam
996 2560 1189 2638 Aldesonsi,
1205 2562 1298 2642 regis

350 2659 525 2737 Castellae‚
549 2668 585 2725 et
609 2668 745 2742 neptem
773 2661 863 2742 regis
880 2661 1063 2739 lobannis,
1087 2668 1122 2724 et
1144 2681 1207 2724 rex
1221 2658 1298 2724 An-

349 2759 485 2841 glorum
513 2780 576 2842 pro
602 2759 667 2825 hoc
690 2760 909 2826 matrimonio
935 2760 1170 2826 contrahendo
1199 2760 1298 2826 daret

351 2859 536 2925 Lodowico
553 2879 630 2923 cum
648 2867 752 2942 nepte
765 2880 846 2938 sua,
864 2862 1002 2925 nomine
1014 2862 1160 2938 Blanca,
1171 2861 1207 2924 in
1225 2880 1299 2925 ma-

349 2961 476 3041 ritagio
504 2960 680 3024 civitatem
699 2960 923 3024 Ebroicarum
940 2981 1017 3025 cum
1040 2968 1114 3026 toto
1131 2961 1298 3026 comitatu

350 3066 385 3123 et
402 3061 544 3142 insuper
561 3059 706 3141 triginta
730 3061 837 3124 millia
855 3081 989 3125 marcas
1004 3062 1151 3143 argenti.
1191 3059 1300 3126 Petiit

349 3167 518 3240 praeterea
539 3180 603 3223 rex
621 3160 835 3225 Francorum
857 3161 901 3224 ab
925 3159 1120 3242 Auglorum
1141 3181 1235 3242 rege,
1259 3169 1298 3225 ut

348 3258 478 3323 faceret
492 3259 558 3323 sihi
576 3260 809 3338 securitatem,
826 3262 918 3343 quod
942 3262 1075 3325 nullum
1091 3261 1222 3326 Othoni
1239 3282 1299 3326 ue·

349 3359 422 3441 poti
444 3379 508 3424 suo
535 3360 665 3425 faceret
694 3361 864 3424 auxilium
893 3361 935 3425 de
965 3361 1160 3426 hominibus
1188 3382 1300 3445 neque

349 3459 392 3522 de
422 3460 580 3540 pecunia,
611 3460 654 3522 ad
682 3459 863 3542 imperium
894 3462 1137 3542 obtinendum;
1169 3460 1298 3526 dictum

348 3565 402 3622 est
419 3560 523 3635 enim,
540 3559 632 3643 quod
655 3558 727 3622 dux
751 3560 890 3625 Suaviae
913 3561 1110 3644 Philippus,
1133 3580 1196 3644 per
1218 3581 1299 3626 con·

348 3657 537 3722 niventiam
565 3660 658 3741 regis
685 3659 897 3725 Francorum
924 3669 960 3726 et
981 3661 1149 3725 auxilium
1172 3662 1299 3744 praefa-

348 3765 435 3835 tum,
462 3759 635 3823 Othonem
661 3761 900 3842 persecutione
924 3762 1132 3843 gravissima
1155 3761 1300 3827 infesta·

348 3856 420 3935 bat,
442 3878 505 3922 nec
532 3866 675 3941 propter
694 3862 1060 3926 excommunicationis
1081 3863 1301 3940 sententiam,

348 3977 417 4039 qua
446 3957 560 4022 fuerat
592 3977 613 4021 a
642 3978 735 4042 papa
760 3960 958 4039 innodatuS,
988 3963 1032 4026 ab
1058 3960 1134 4045 ejus
1162 3961 1300 4046 impug-

381 4131 531 4217 ¹Proefntu,]
548 4135 661 4197 wanting
672 4135 698 4184 in
712 4137 742 4185 0.
835 4132 949 4256 Ηῖζίἐω
967 4137 1118 4257 Fmsspmm
1137 4137 1301 4203 Philippum]

863 4223 893 4256 ov
927 4222 968 4272 eu,
978 4224 1004 4270 p.
1067 4243 1073 4258 .
