2858 4876
312 385 378 450 306
570 394 703 442 accunt
727 393 774 440 un
797 392 1005 440 wnnnovnn

154 590 277 632 sarna
314 557 399 631 suis,
426 559 462 616 et
489 551 554 615 hoc
580 549 708 626 modo;
744 569 807 613 nos
831 549 899 625 vel,
928 549 959 611 si
984 553 1088 626 extra
1119 560 1264 626 regnum

154 641 238 729 2¹ss
315 653 490 725 fuerimus,
536 648 694 732 capitalis
735 647 952 731 justiciarius
995 651 1113 710 noster
1150 643 1266 708 mittet

312 750 525 837 justiciarios
557 753 693 812 nostros
725 766 788 828 per
811 762 1087 827 unumquemque
1118 742 1263 806 comita·

317 859 390 916 tum
417 848 524 912 semel
544 847 581 909 in
603 864 708 921 anno,
733 845 794 926 qui
819 862 898 906 cum
924 842 1092 906 militibus
1109 841 1266 903 'comita-

318 957 416 1014 tuum
442 946 583 1027 capiant
603 945 640 1008 iu
666 943 886 1007 comitatibus
912 942 1040 1005 assises
1062 940 1266 1022 praedictas;

319 1055 355 1111 et
376 1065 430 1122 ea,
459 1042 598 1127 quaein
626 1041 688 1105 illo
716 1042 869 1105 adventu
897 1060 962 1105 suo
987 1041 1024 1104 in
1046 1039 1266 1105 comitatibus

319 1165 382 1229 per
402 1142 614 1226 justiciarios
640 1141 837 1222 praedictae,
860 1139 906 1203 ad
927 1140 1111 1222 praedictas
1139 1137 1268 1202 assises

320 1242 504 1325 capiendas
534 1240 671 1314 missos,
701 1240 877 1304 terminari
912 1259 982 1304 non
1017 1243 1177 1320 possunt,
1208 1257 1270 1319 per

322 1341 459 1406 eosdem
481 1338 711 1403 terminentur
735 1337 818 1401 alibi
840 1338 877 1401 in
896 1338 1020 1404 itinere
1041 1356 1125 1417 suo3
1158 1342 1194 1400 et
1216 1355 1269 1412 ea,

322 1460 401 1524 quae
433 1458 495 1521 per
524 1437 664 1500 eosdem
694 1443 836 1519 propter
867 1435 1103 1501 difficultatem
1135 1435 1271 1518 aliquo-

324 1558 399 1602 rum
430 1536 654 1600 articulorum
683 1535 865 1599 terminari
889 1556 959 1600 non
992 1541 1151 1618 possunt,
1183 1535 1272 1599 reie-

325 1642 446 1701 rantur
472 1634 517 1698 ad
545 1634 759 1718 justiciarius
787 1641 925 1698 nostros
954 1634 997 1698 de
1026 1636 1139 1721 banco
1167 1640 1202 1697 et
1224 1635 1272 1698 ibi

326 1733 563 1799 terminentur.
624 1731 757 1796 Assisae
783 1733 825 1797 de
853 1734 977 1798 ultima
1006 1733 1274 1816 praesentatione

327 1833 548 1897 ecclesiarum
579 1851 715 1913 semper
752 1833 935 1914 capiantur
966 1852 1082 1896 coram
1112 1832 1273 1915 justicia-

327 1931 458 2019 riis‘de
487 1931 611 2004 bauco,
634 1937 669 1994 et
686 1930 734 1995 ibi
751 1931 990 1995 terminentur.
1042 1931 1147 1995 Liber
1171 1931 1274 1996 homo

328 2050 398 2095 nou
427 2029 632 2092 amercietur
661 2048 725 2110 pro
755 2048 865 2110 parvo
895 2028 1033 2105 delicto,
1058 2030 1125 2092 nis'i
1153 2048 1277 2094 secun·

328 2128 410 2192 dum
424 2127 564 2192 modum
579 2126 689 2209 ipsius
704 2126 842 2203 delicti,
851 2134 887 2191 et
906 2147 970 2209 pro
986 2146 1115 2210 magno
1128 2127 1275 2207 delicto,

329 2226 518 2291 secuudum
536 2224 810 2306 magnitudinem
834 2225 961 2301 delicti,
983 2228 1082 2291 salvo
1101 2233 1278 2292 tenemen-

330 2333 367 2391 to
398 2345 487 2405 su03
520 2332 555 2389 et
580 2324 894 2389 me1·catoreodem
921 2324 1036 2402 modo,
1059 2325 1161 2390 salva
1188 2345 1277 2391 mar-

331 2424 498 2489 chandisa
519 2443 609 2502 sua3
640 2429 677 2487 et
694 2423 844 2487 villanus
868 2424 1013 2488 alterius
1033 2443 1138 2506 quam
1160 2432 1279 2489 noster

331 2524 450 2588 eodem
476 2523 579 2587 modo
600 2523 817 2599 amercietur,
839 2523 938 2587 salvo
957 2524 1141 2604 wannagio
1162 2543 1228 2588 suo
1250 2525 1279 2588 si

290 2672 293 2676 .
330 2621 490 2686 inciderit
511 2623 547 2684 in
578 2620 846 2685 misericordiam
878 2628 1046 2686 nostram.
1113 2623 1161 2687 Et
1182 2624 1280 2693 nulla

331 2720 574 2802 praedictarum
605 2719 914 2784 misericordiarum
940 2726 1102 2802 ponatur,
1126 2723 1195 2786 nisi
1218 2743 1279 2806 per

333 2825 587 2881 sacramentum
608 2819 793 2900 proborum
809 2825 844 2883 et
861 2819 1026 2901 legalium
1043 2818 1220 2885 hominum
1237 2822 1280 2887 de

333 2918 470 2982 visneto
503 2917 699 2982 comitatus.
774 2916 926 2983 Comites
961 2924 997 2982 et
1025 2919 1172 2983 barones
1211 2940 1281 2985 nou

335 3015 565 3079 amercientur
589 3014 655 3079 nisi
682 3035 744 3097 per
768 3035 870 3098 pares
891 3036 986 3094 suos,
1012 3024 1048 3081 et
1069 3020 1207 3083 nonnisi
1229 3038 1283 3084 se-

334 3112 484 3176 cundum
500 3113 639 3177 modum
656 3113 785 3179 delicti.
830 3114 940 3179 Nulla
956 3117 1190 3182 ecclesiastica
1205 3139 1283 3202 per-

336 3229 423 3275 sona
444 3212 648 3275 amercietur
668 3212 858 3276 secundum
875 3213 1105 3295 quantitatem
1125 3217 1282 3283 beneficii

336 3309 390 3373 sui
413 3310 650 3386 ecclesiastici,
666 3311 726 3373 sed
749 3313 935 3376 secundum
960 3312 1086 3377 laicum
1109 3321 1285 3382 tenemen-

338 3417 411 3471 tum
427 3427 527 3471 suum
542 3416 577 3472 et
594 3409 782 3473 secundum
799 3412 1030 3492 quantitatem
1045 3413 1173 3478 delicti.
1209 3417 1284 3482 Nec

339 3506 423 3571 villa
445 3527 508 3570 nec
531 3507 633 3570 homo
653 3507 881 3590 distringatur
897 3509 1009 3574 facere
1031 3518 1155 3593 pontes
1174 3514 1221 3578 ad
1240 3517 1287 3580 ri-

339 3605 468 3686 parias,
490 3606 557 3669 nisi
575 3605 635 3687 qui
658 3605 701 3668 de
723 3607 867 3690 antiquo
887 3615 923 3672 et
937 3609 1017 3692 jure
1038 3609 1152 3675 iacere
1172 3612 1287 3681 debet.

340 3703 451 3768 Nulla
467 3704 596 3786 riparia
615 3704 658 3768 de
677 3713 803 3770 caetero
820 3705 1032 3785 defendetur,
1047 3708 1116 3771 'nisi
1130 3710 1191 3775 illa
1207 3731 1286 3794 quae

339 3802 453 3866 fuerat
467 3803 503 3865 in
524 3802 664 3868 defenso
680 3811 834 3886 tempore
857 3805 1002 3870 Henrici
1019 3807 1111 3888 regis
1133 3810 1191 3873 avi
1208 3828 1287 3875 nos-

340 3901 397 3964 tri.
451 3900 580 3964 Nullus
604 3902 805 3980 vicecomes,
830 3906 1119 3983 constabularius,
1142 3926 1287 3973 corona-

341 4004 409 4075 tor,
424 4000 480 4062 vel
499 3999 558 4063 alii
576 4001 696 4065 ballivi
717 4003 826 4066 nostri
844 4010 985 4068 teneant
1001 4003 1132 4086 placita
1151 4025 1289 4074 coronae

342 4104 483 4162 nostrae.
530 4096 567 4161 Si
590 4099 713 4180 aliquis
735 4107 856 4165 teneus
879 4101 921 4166 de
944 4103 1045 4167 nobis
1067 4104 1194 4168 laicum
1218 4107 1287 4172 ieoss
