2858 4876
316 377 358 440 10
565 390 699 439 nocnru
724 389 770 436 on
796 388 1001 436 wnnnovnn

153 566 277 605 norrea
316 546 419 628 regis,
439 565 516 628 quae
539 539 732 626 ¹Segesseld
755 545 963 626 appellatur,
986 563 1064 608 cum
1082 555 1267 628 wapentac

316 653 351 709 et
366 647 523 709 omnibus
540 644 755 728 pertinentiis
772 644 857 721 suis,
874 663 915 708 ac
935 643 1268 709 Northanhumbriae

316 745 517 810 comitatum
537 745 573 808 in
597 745 670 809 vita
695 763 770 820 sua,
791 743 851 826 qui
874 764 895 807 a
918 764 999 825 rege
1019 744 1135 825 gladio
1159 747 1268 809 corni·

315 851 410 908 tatus
440 845 614 909 accinctus
640 863 765 907 nomen
797 844 862 906 sibi
890 844 1025 907 comitis
1054 846 1266 926 usurpavit3

316 937 403 1025 quo²
418 944 535 1024 gladio
551 944 720 1020 accincto,
737 962 800 1007 rex
816 963 894 1006 cum
910 943 1078 1008 cachinno
1094 943 1267 1008 adstanti·

315 1043 379 1106 bus
402 1043 503 1119 dixit,
529 1042 577 1106 ‘J
580 1063 726 1107 uvenem
752 1042 817 1107 feci
842 1043 1004 1106 comitem
1029 1044 1071 1106 de
1101 1044 1265 1126 episcopo

315 1142 504 1207 veterano.’
543 1142 700 1206 Tandem
716 1162 800 1206 vero
817 1141 861 1204 ad
879 1142 1054 1206 cumulum
1071 1144 1266 1208 subsanna·

316 1242 419 1305 tionis
441 1241 534 1309 dedit
554 1242 664 1306 eidem
688 1243 761 1322 regi
783 1241 876 1305 mille
899 1260 1033 1306 marcas
1055 1244 1203 1324 argenti,
1222 1252 1264 1308 ut

315 1348 407 1404 esset
425 1341 642 1425 justiciarius
666 1340 805 1422 Angliae
828 1348 862 1405 et
884 1347 925 1405 ut
947 1342 1135 1406 abitinere
1160 1350 1264 1407 terrae

315 1449 446 1505 sanctae
472 1449 674 1516 remaneret,
699 1448 743 1518 et,
772 1461 814 1504 ne
844 1461 867 1505 a
895 1460 1069 1523 quoquam
1102 1442 1264 1524 redargui

315 1548 445 1623 posset,
464 1541 548 1605 data
568 1541 715 1624 pecunia
738 1540 885 1616 infinita,
907 1560 931 1604 a
951 1541 1032 1615 sede
1060 1542 1264 1623 apostolica,

315 1659 394 1722 quae
411 1640 498 1704 nulli
511 1641 618 1718 deest,
635 1643 834 1724 impetravit
850 1641 1024 1707 licentiam
1042 1642 1262 1723 remanendi3

315 1740 434 1822 sicque
450 1760 585 1807 crucem
600 1741 819 1805 Dominicam
835 1748 1048 1805 terrenarum
1063 1742 1195 1804 ambitu
1211 1761 1263 1804 re-

315 1859 390 1903 rum
407 1840 570 1905 seductus
584 1841 756 1922 deposuit,
769 1861 848 1923 quae
863 1842 1021 1904 omnibus
1037 1848 1072 1904 et
1089 1842 1264 1922 praecipue

88 2027 92 2037 Ι
153 1956 294 2046 ghhlfflf
315 1940 486 2021 episcopis
508 1940 677 2022 portanda
699 1940 917 2022 praedicatur.
971 1940 1014 2004 In
1036 1940 1101 2003 hoc
1124 1960 1262 2023 quoque

152 2057 247 2097 ronne.
314 2038 468 2121 episcopi
496 2039 588 2103 facto
610 2041 705 2105 venit
736 2040 772 2129 in
799 2041 909 2104 lucem
939 2039 1121 2123 prophetia
1148 2042 1262 2105 sancti

315 2137 458 2202 Godrici
487 2139 675 2216 heremitae,
702 2139 763 2221 qui
794 2140 903 2203 eidem
932 2140 1094 2222 episcopo
1121 2141 1157 2202 in
1188 2160 1262 2204 suae

313 2235 663 2320 promotionis'initio
690 2239 734 2302 ad
761 2258 799 2302 se
821 2239 986 2316 venienti,
1008 2240 1051 2302 de
1076 2247 1171 2302 statu
1197 2259 1262 2304 suo

313 2337 430 2402 futuro
461 2345 496 2403 et
521 2340 603 2403 vitae
632 2359 705 2402 suae
733 2339 958 2419 longaevitate
983 2339 1164 2420 quaerenti,
1190 2340 1261 2403 tale

313 2438 421 2502 fertur
440 2439 574 2503 dedisse
596 2458 820 2521 responsum3
844 2439 928 2502 ‘De
947 2444 1045 2505 statu
1064 2447 1181 2503 vestro
1206 2439 1262 2503 fu-

315 2538 416 2613 turo,'
428 2537 553 2620 inquit,
567 2544 576 2572 ‘
590 2538 681 2602 etde
695 2538 777 2603 vitae
792 2544 916 2601 vestrae
934 2538 1160 2602 diuturnitate
1176 2538 1261 2601 diffi-

314 2637 400 2713 nire,
416 2644 613 2701 sanctorum
634 2644 688 2701 est
706 2637 941 2719 apostolorum
958 2645 993 2702 et
1013 2658 1132 2702 eorum
1148 2640 1262 2701 consi-

314 2736 457 2814 milium,
475 2744 511 2800 et
526 2756 594 2800 non
611 2757 737 2813 meum,
753 2738 835 2820 quia
857 2736 913 2800 hic
934 2758 997 2820 pro
1016 2739 1168 2819 peccatis
1187 2759 1263 2820 poe-

314 2836 494 2900 nitentiam
517 2856 584 2918 ago
606 2845 641 2902 et
661 2837 773 2901 adhuc
792 2857 847 2901 me
866 2838 1027 2901 miserum
1047 2844 1083 2902 et
1100 2845 1262 2920 peccato-

314 2956 386 2999 rem
406 2956 481 3002 esse
501 2937 624 3017 doleo;
647 2938 708 3001 sed
729 2937 813 3003 illud
833 2938 932 3002 vobis
958 2937 1047 3013 dico,
1067 2937 1159 3019 quod
1179 2947 1260 3002 ante

314 3042 458 3100 mortem
479 3043 630 3101 vestram
661 3057 722 3119 per
751 3037 968 3119 septennium
994 3036 1175 3101 dolendam
1206 3038 1260 3101 in·

314 3155 430 3206 curres
446 3137 663 3204 coecitatem.'
716 3137 907 3219 Episcopus
928 3143 1044 3200 autem
1060 3155 1081 3199 a
1097 3136 1173 3200 viro
1193 3138 1261 3200 Dei

312 3237 476 3300 recedens
500 3238 626 3318 saepius
651 3237 687 3299 in
715 3237 829 3301 animo
854 3236 1003 3300 revolvit
1026 3255 1068 3299 ea
1091 3255 1169 3318 quae
1199 3257 1261 3300 au·

313 3335 413 3413 divit,
433 3342 479 3413 et,
498 3337 598 3418 quasi
620 3355 762 3400 securus
784 3337 827 3400 de
849 3336 950 3399 dictis
970 3336 1081 3399 sancti
1104 3335 1259 3413 effectus,
1360 3371 1363 3375 <

313 3454 390 3498 cum
413 3436 565 3499 maxima
586 3436 816 3500 sollicitudine
838 3435 1048 3499 medicorum
1070 3435 1180 3498 oculis
1202 3436 1261 3499 de-

312 3533 430 3617 inceps
446 3536 613 3600 medelam
629 3535 795 3613 adhibuit,
810 3543 850 3599 ut
866 3536 943 3598 visu
959 3542 995 3598 et
1009 3535 1082 3598 vita
1093 3535 1262 3598 ‘diuturna

313 3634 505 3715 frueretur3
529 3635 587 3700 sed
606 3656 683 3699 cum
701 3635 890 3719 permulta
905 3654 1073 3699 annorum
1090 3635 1260 3699 curricula

312 3734 558 3813 invaletudine,
576 3756 645 3818 qua
660 3743 695 3799 et
709 3745 866 3800 mortuus
882 3743 947 3812 est,
963 3754 1102 3817 pressus
1115 3735 1261 3819 jaceret,

313 3841 348 3897 et
363 3855 384 3898 a
399 3835 538 3899 medicis
554 3836 636 3918 quid
655 3836 720 3899 sibi
742 3841 833 3899 esset
849 3835 1022 3918 agendum
1039 3834 1185 3898 sollicite
1208 3855 1261 3898 re-

312 3936 475 4015 quireret,
503 3936 655 4000 unanimi
679 3955 797 3999 omnes
821 3954 990 4000 consensu
1016 3936 1178 4017 episcopo
1200 3934 1261 3998 de-

348 4112 530 4177 ¹Segeoseld.]
558 4115 612 4163 ΤΙιο
634 4115 733 4164 charter
750 4117 773 4165 is
832 4111 909 4170 ²Quo
918 4114 1003 4176 gladio
1019 4115 1158 4178 accincta]
1182 4116 1263 4164 New-

313 4184 412 4246 printed
424 4185 448 4232 in
462 4185 594 4247 Hoveden,
605 4201 632 4246 p.
641 4190 699 4236 658.
799 4185 891 4246 burgh,
901 4185 936 4233 iv.
947 4184 960 4246 ς
972 4190 996 4233 5.
