2858 4876
309 386 374 451 282
560 402 695 450 uocum
720 403 767 449 nn
789 402 999 452 wunnovun

149 576 204 617 on·
215 577 272 617 121⁴·
310 562 394 627 dicti
414 562 553 645 scripsit
568 561 604 624 in
619 560 693 625 haec
708 561 839 639 verba3
859 559 1106 626 ‘Innocentius
1129 561 1264 643 episco-

308 682 386 746 pus,
409 671 444 727 et
462 669 598 726 caetera.
641 660 861 726 Venerabilis
875 660 983 724 frater
999 666 1117 724 noster
1126 659 1149 724 J
1152 661 1264 725 ohan-

307 783 382 841 nes,
399 761 633 827 Norwicensis
649 762 843 843 episcopus,
861 768 896 825 et
911 760 1058 825 dilectus
1076 759 1167 824 filius
1183 781 1262 826 nos·

307 871 361 928 ter
385 862 560 927 Robertus
582 861 625 924 de
648 860 814 937 Marisco,
836 859 1100 926 archidiaconus
1124 859 1261 926 North·

307 962 532 1038 anhumbriae,
556 968 591 1025 et
615 959 749 1026 nobiles
769 959 834 1024 viri
855 958 1009 1024 Thomas
1035 961 1077 1025 de
1106 959 1260 1026 Herdin·

307 1070 394 1126 tuna
409 1068 445 1126 et
461 1060 587 1137 Adam,
603 1060 716 1124 nuntii
738 1060 848 1123 nostri
870 1060 1040 1124 carissimi
1064 1060 1100 1123 in
1118 1058 1260 1126 Christo

307 1162 368 1226 filii
378 1162 486 1226 nostri
500 1160 524 1225 J
527 1161 673 1225 ohannis
687 1158 779 1240 regis
794 1159 934 1241 Angliae
950 1159 1107 1236 illustris,
1127 1179 1173 1224 ex
1188 1180 1261 1225 una

307 1270 418 1344 parte,
433 1262 600 1343 magister
613 1259 809 1342 Stephanus
821 1259 864 1323 de
878 1259 1096 1341 Langetuna,
1107 1257 1153 1325 A.
1165 1266 1201 1324 et
1214 1259 1258 1325 G.

308 1363 435 1440 clerici,
451 1361 565 1425 nuntii
583 1360 791 1425 venerabilis
810 1359 927 1424 fratris
949 1359 1059 1424 nostri
1079 1358 1261 1443 Stephani,

309 1461 570 1526 Cantuariensis
595 1458 857 1542 archiepiscopi,
882 1479 927 1524 ex
952 1459 1063 1524 altera
1085 1466 1198 1541 parte,
1222 1461 1261 1526 in

307 1560 494 1643 praesentia
507 1567 627 1624 nostra
641 1560 824 1624 constituti
842 1578 1020 1623 werdere
1040 1559 1261 1625 concorditer

306 1667 343 1724 ct
369 1667 581 1737 constanter,
607 1659 712 1741 quod,
736 1678 800 1740 pro
830 1658 973 1723 vitando
996 1658 1120 1740 grandi
1144 1679 1259 1724 rerum

307 1759 486 1842 dispendio
506 1768 541 1825 et
564 1759 665 1841 gravi
690 1759 843 1841 periculo
867 1759 1071 1836 animarum,
1094 1758 1259 1840 expedie-

306 1861 367 1924 bat
387 1879 489 1942 quam
513 1860 696 1941 plurimum
720 1866 792 1923 tam
808 1877 916 1940 regno
933 1877 1036 1940 quam
1051 1856 1259 1937 sacerdotio,

307 1966 347 2023 ut
370 1961 444 2023 sine
470 1959 634 2023 dilatione
662 1957 838 2022 relaxetur
867 1958 1040 2022 sententia
1063 1958 1259 2041 interdicti3

305 2059 480 2123 undenos
503 2079 565 2141 pro
594 2057 717 2122 affectu
741 2064 887 2139 paterno
913 2057 1060 2123 sollicite
1083 2058 1175 2122 inter
1198 2078 1259 2123 eos

306 2160 350 2222 ad
385 2159 533 2223 salutem
560 2165 595 2222 ot
621 2158 808 2222 utilitatem
834 2177 939 2240 super
963 2157 1030 2235 his,
1055 2176 1134 2240 quae
1159 2159 1258 2241 pacis

305 2266 399 2337 sunt,
422 2278 500 2322 cum
526 2258 595 2322 illis
625 2257 851 2322 tractavimus
882 2256 1077 2339 diligenter,
1105 2264 1152 2335 et,
1178 2265 1259 2322 tan·

306 2357 385 2422 dem
401 2359 486 2440 ipsis
508 2357 820 2440 adquiescentibus,
841 2357 986 2422 formam
1008 2356 1202 2422 invenimus
1223 2365 1260 2423 et

306 2460 493 2522 statuimus
505 2457 596 2521 iufra
609 2457 783 2539 scriptam.
813 2456 905 2520 Sane
919 2455 1085 2539 praefatus
1102 2477 1166 2522 rex
1181 2464 1261 2522 tan·

307 2565 378 2622 tam
403 2558 584 2641 pecuniam
605 2556 864 2639 archiepiscopo
885 2555 1140 2634 Cantuaricnsi,
1165 2557 1259 2623 Lon·

307 2656 463 2721 doriensi
488 2664 523 2721 et
543 2657 674 2721 Eliensi
697 2657 880 2739 episcopis,
904 2656 959 2721 vel
983 2656 1073 2734 aliis,
1098 2676 1185 2739 quos
1212 2658 1257 2723 ad

306 2755 371 2819 hoc
397 2757 575 2838 assignare
601 2756 786 2833 voluerint,
812 2755 919 2820 faciat
947 2755 1132 2838 assignari,
1161 2777 1257 2822 com·

305 2857 438 2938 putatis
464 2854 517 2919 his
547 2875 624 2938 quae
651 2857 742 2920 idem
770 2875 833 2919 rex
858 2856 1013 2920 noscitur
1036 2856 1257 2938 persolvisse,

306 2956 399 3038 quod
420 2973 555 3019 summa
575 2955 717 3038 impleat
736 2955 969 3038 quadraginta
990 2955 1098 3019 millia
1120 2974 1256 3022 marca—

305 3074 403 3134 rum;
428 3055 553 3138 quibus
567 3054 690 3119 solutis
704 3062 740 3119 et
756 3055 918 3120 cautione
937 3056 1095 3136 praestita
1110 3055 1256 3121 inferius

305 3154 486 3233 adnotata,
507 3155 676 3237 protinus,
694 3156 832 3221 sublato
847 3154 1032 3239 cujuslibet
1048 3142 1258 3238 appellatio·

305 3255 358 3318 nis
381 3264 416 3319 et
439 3255 719 3320 contradictionis
742 3255 932 3332 obstaculo,
955 3254 1092 3320 relaxes
1114 3262 1255 3320 senten-

303 3355 389 3418 tiam
411 3354 596 3419 interdicti.
642 3355 696 3420 Ac
713 3354 836 3419 deinde
862 3348 1026 3436 ¹singulis
1048 3355 1148 3421 annis
1167 3356 1256 3421 duo·

277 3466 279 3470 ·
304 3453 414 3518 decim
425 3456 534 3519 millia
542 3474 735 3518 marcarum
746 3455 783 3518 in
794 3454 928 3519 duobus
939 3455 1107 3531 terminis,
1118 3455 1154 3519 in
1162 3475 1255 3520 com·

303 3556 549 3619 memoratione
574 3555 735 3620 videlicet
765 3554 929 3618 Omnium
958 3562 1155 3619 sanctorum
1190 3575 1256 3620 sex

304 3654 413 3718 millia
434 3674 638 3732 marcarum,
663 3663 699 3719 et
720 3655 864 3719 totidem
886 3656 923 3718 in
946 3654 1036 3720 festo
1061 3654 1257 3720 Dominicae

305 3756 527 3833 ascensionis
551 3756 642 3838 apud
662 3755 842 3820 ecclesiam
864 3753 976 3819 sancti
1000 3752 1104 3819 Pauli
1127 3754 1257 3818 Londi-

304 3855 421 3918 nensis
440 3856 566 3919 eisdem
581 3856 687 3919 faciat
703 3855 869 3932 exhiberi,
894 3854 1002 3918 donec
1021 3861 1096 3918 tota
1120 3873 1257 3918 summa

302 3953 405 4018 fuerit
430 3955 618 4035 persoluta.
669 3955 715 4018 Et
735 3954 779 4017 ad
802 3954 868 4018 hoe
890 3953 1037 4017 fideliter
1058 3972 1254 4035 exsequen-

338 4128 544 4192 'Singularium
551 4129 674 4179 duodecim
685 4130 763 4178 radlia
788 4130 838 4178 this
847 4133 967 4192 payment
975 4129 997 4178 is
1006 4129 1105 4192 printed
1114 4129 1142 4179 in
1151 4129 1255 4193 Rymer,

301 4201 455 4262 morcarum]
476 4200 565 4249 John's
583 4201 720 4262 obligation
736 4204 762 4248 to
787 4201 805 4247 i.
818 4215 843 4262 p.
855 4203 911 4248 122.
