<?xml version="1.0" encoding="UTF-8"?>
<!DOCTYPE html PUBLIC "-//W3C//DTD XHTML 1.0 Transitional//EN"
    "http://www.w3.org/TR/xhtml1/DTD/xhtml1-transitional.dtd">
<html xmlns="http://www.w3.org/1999/xhtml" xml:lang="en" lang="en">
 <head>
  <title>
</title>
<meta http-equiv="Content-Type" content="text/html;charset=utf-8" />
  <meta name='ocr-system' content='tesseract 3.04.00' />
  <meta name='ocr-capabilities' content='ocr_page ocr_carea ocr_par ocr_line ocrx_word'/>
</head>
<body>
  <div class='ocr_page' id='page_1' title='image "./rogeridewendove06rogegoog_0204.png"; bbox 0 0 2858 4876; ppageno 0'>
   <div class='ocr_carea' id='block_1_1' title="bbox 418 395 1110 461">
    <p class='ocr_par' dir='ltr' id='par_1_1' title="bbox 418 395 1110 461">
     <span class='ocr_line' id='line_1_1' title="bbox 418 395 1110 461; baseline 0.007 -5"><span class='ocrx_word' id='word_1_1' title='bbox 418 407 558 457; x_wconf 80' lang='lat' dir='ltr'><strong>rnonns</strong></span> <span class='ocrx_word' id='word_1_2' title='bbox 581 408 857 458; x_wconf 74' lang='lat' dir='ltr'><strong>maronianum·</strong></span> <span class='ocrx_word' id='word_1_3' title='bbox 1043 395 1110 461; x_wconf 85' lang='grc'><strong>195</strong></span> 
     </span>
    </p>
   </div>
   <div class='ocr_carea' id='block_1_2' title="bbox 150 565 1268 1953">
    <p class='ocr_par' dir='ltr' id='par_1_2' title="bbox 150 565 1268 1953">
     <span class='ocr_line' id='line_1_2' title="bbox 154 565 1268 678; baseline 0.004 -48"><span class='ocrx_word' id='word_1_4' title='bbox 154 583 325 648; x_wconf 82' lang='lat' dir='ltr'>pauperes</span> <span class='ocrx_word' id='word_1_5' title='bbox 341 565 548 633; x_wconf 87' lang='lat' dir='ltr'><strong>studuerunt</strong></span> <span class='ocrx_word' id='word_1_6' title='bbox 568 575 714 650; x_wconf 87' lang='lat' dir='ltr'><strong>peccata</strong></span> <span class='ocrx_word' id='word_1_7' title='bbox 733 566 899 632; x_wconf 84' lang='lat' dir='ltr'><strong>redimere</strong></span> <span class='ocrx_word' id='word_1_8' title='bbox 912 567 994 632; x_wconf 92' lang='lat' dir='ltr'><strong>dum</strong></span> <span class='ocrx_word' id='word_1_9' title='bbox 1009 569 1105 635; x_wconf 85' lang='lat' dir='ltr'><strong>vive·</strong></span> <span class='ocrx_word' id='word_1_10' title='bbox 1117 587 1175 676; x_wconf 53' lang='lat' dir='ltr'><strong>pu·</strong></span> <span class='ocrx_word' id='word_1_11' title='bbox 1185 589 1243 678; x_wconf 52' lang='lat'><strong>1333.</strong></span> <span class='ocrx_word' id='word_1_12' title='bbox 1265 602 1268 607; x_wconf 92' lang='lat'>·</span> 
     </span>
     <span class='ocr_line' id='line_1_3' title="bbox 153 649 1219 752; baseline 0.008 -26"><span class='ocrx_word' id='word_1_13' title='bbox 153 663 251 742; x_wconf 90' lang='lat' dir='ltr'><strong>bant,</strong></span> <span class='ocrx_word' id='word_1_14' title='bbox 271 666 307 730; x_wconf 88' lang='lat' dir='ltr'><strong>bi</strong></span> <span class='ocrx_word' id='word_1_15' title='bbox 329 667 502 746; x_wconf 84' lang='lat' dir='ltr'><strong>nimirum,</strong></span> <span class='ocrx_word' id='word_1_16' title='bbox 519 687 598 732; x_wconf 91' lang='lat' dir='ltr'><strong>cum</strong></span> <span class='ocrx_word' id='word_1_17' title='bbox 613 667 656 731; x_wconf 93' lang='lat' dir='ltr'><strong>ad</strong></span> <span class='ocrx_word' id='word_1_18' title='bbox 672 675 812 750; x_wconf 88' lang='lat' dir='ltr'><strong>pontem</strong></span> <span class='ocrx_word' id='word_1_19' title='bbox 828 668 1010 752; x_wconf 83' lang='lat' dir='ltr'><strong>praefatum</strong></span> <span class='ocrx_word' id='word_1_20' title='bbox 1028 690 1105 752; x_wconf 88' lang='lat' dir='ltr'><strong>per-</strong></span> <span class='ocrx_word' id='word_1_21' title='bbox 1117 649 1219 728; x_wconf 57' lang='lat' dir='ltr'><strong>affim-</strong></span> 
     </span>
     <span class='ocr_line' id='line_1_4' title="bbox 153 766 1105 852; baseline 0.007 -24"><span class='ocrx_word' id='word_1_22' title='bbox 153 766 322 842; x_wconf 86' lang='lat' dir='ltr'><strong>venerint,</strong></span> <span class='ocrx_word' id='word_1_23' title='bbox 346 768 494 833; x_wconf 89' lang='lat' dir='ltr'><strong>transire</strong></span> <span class='ocrx_word' id='word_1_24' title='bbox 512 769 692 852; x_wconf 85' lang='lat' dir='ltr'><strong>cupientes</strong></span> <span class='ocrx_word' id='word_1_25' title='bbox 709 768 754 832; x_wconf 90' lang='lat' dir='ltr'><strong>ad</strong></span> <span class='ocrx_word' id='word_1_26' title='bbox 775 769 927 852; x_wconf 88' lang='lat' dir='ltr'><strong>requiem</strong></span> <span class='ocrx_word' id='word_1_27' title='bbox 952 769 1105 835; x_wconf 88' lang='lat' dir='ltr'><strong>destina·</strong></span> 
     </span>
     <span class='ocr_line' id='line_1_5' title="bbox 154 867 1103 953; baseline 0.007 -25"><span class='ocrx_word' id='word_1_28' title='bbox 154 870 238 943; x_wconf 87' lang='lat' dir='ltr'><strong>tam,</strong></span> <span class='ocrx_word' id='word_1_29' title='bbox 254 867 355 931; x_wconf 91' lang='lat' dir='ltr'><strong>nudis</strong></span> <span class='ocrx_word' id='word_1_30' title='bbox 371 868 516 950; x_wconf 85' lang='lat' dir='ltr'><strong>pedibus</strong></span> <span class='ocrx_word' id='word_1_31' title='bbox 530 887 592 951; x_wconf 91' lang='lat' dir='ltr'><strong>per</strong></span> <span class='ocrx_word' id='word_1_32' title='bbox 604 868 707 933; x_wconf 90' lang='lat' dir='ltr'><strong>sudes</strong></span> <span class='ocrx_word' id='word_1_33' title='bbox 723 877 760 933; x_wconf 90' lang='lat' dir='ltr'><strong>et</strong></span> <span class='ocrx_word' id='word_1_34' title='bbox 773 868 892 935; x_wconf 89' lang='lat' dir='ltr'><strong>clavos</strong></span> <span class='ocrx_word' id='word_1_35' title='bbox 909 878 1103 953; x_wconf 88' lang='lat' dir='ltr'><strong>praeacutos</strong></span> 
     </span>
     <span class='ocr_line' id='line_1_6' title="bbox 153 965 1104 1051; baseline 0.007 -23"><span class='ocrx_word' id='word_1_36' title='bbox 153 970 189 1029; x_wconf 88' lang='lat' dir='ltr'><strong>et</strong></span> <span class='ocrx_word' id='word_1_37' title='bbox 210 966 310 1048; x_wconf 86' lang='lat' dir='ltr'><strong>ponti</strong></span> <span class='ocrx_word' id='word_1_38' title='bbox 337 965 461 1033; x_wconf 85' lang='lat' dir='ltr'><strong>affixos</strong></span> <span class='ocrx_word' id='word_1_39' title='bbox 487 967 590 1032; x_wconf 89' lang='lat' dir='ltr'><strong>nimis</strong></span> <span class='ocrx_word' id='word_1_40' title='bbox 617 969 818 1051; x_wconf 83' lang='lat' dir='ltr'><strong>angustiosa</strong></span> <span class='ocrx_word' id='word_1_41' title='bbox 843 969 1026 1048; x_wconf 87' lang='lat' dir='ltr'><strong>incedunt;</strong></span> <span class='ocrx_word' id='word_1_42' title='bbox 1056 979 1104 1048; x_wconf 87' lang='lat' dir='ltr'><strong>et,</strong></span> 
     </span>
     <span class='ocr_line' id='line_1_7' title="bbox 153 1067 1102 1153; baseline 0.006 -25"><span class='ocrx_word' id='word_1_43' title='bbox 153 1083 230 1128; x_wconf 86' lang='lat' dir='ltr'><strong>cunr</strong></span> <span class='ocrx_word' id='word_1_44' title='bbox 262 1067 499 1132; x_wconf 82' lang='lat' dir='ltr'><strong>vehementem</strong></span> <span class='ocrx_word' id='word_1_45' title='bbox 524 1067 654 1133; x_wconf 86' lang='lat' dir='ltr'><strong>doloris</strong></span> <span class='ocrx_word' id='word_1_46' title='bbox 683 1069 874 1134; x_wconf 89' lang='lat' dir='ltr'><strong>cruciatum</strong></span> <span class='ocrx_word' id='word_1_47' title='bbox 906 1071 944 1134; x_wconf 92' lang='lat' dir='ltr'><strong>in</strong></span> <span class='ocrx_word' id='word_1_48' title='bbox 972 1070 1102 1153; x_wconf 90' lang='lat' dir='ltr'><strong>plantis</strong></span> 
     </span>
     <span class='ocr_line' id='line_1_8' title="bbox 151 1164 1103 1252; baseline 0.007 -24"><span class='ocrx_word' id='word_1_49' title='bbox 151 1164 278 1247; x_wconf 89' lang='lat' dir='ltr'><strong>pedum</strong></span> <span class='ocrx_word' id='word_1_50' title='bbox 290 1166 421 1232; x_wconf 86' lang='lat' dir='ltr'><strong>diutius</strong></span> <span class='ocrx_word' id='word_1_51' title='bbox 438 1168 588 1252; x_wconf 83' lang='lat' dir='ltr'><strong>perferre</strong></span> <span class='ocrx_word' id='word_1_52' title='bbox 603 1175 792 1252; x_wconf 87' lang='lat' dir='ltr'><strong>nequeunt,</strong></span> <span class='ocrx_word' id='word_1_53' title='bbox 807 1188 930 1234; x_wconf 90' lang='lat' dir='ltr'><strong>manns</strong></span> <span class='ocrx_word' id='word_1_54' title='bbox 947 1189 1030 1234; x_wconf 84' lang='lat' dir='ltr'><strong>suas</strong></span> <span class='ocrx_word' id='word_1_55' title='bbox 1047 1190 1103 1235; x_wconf 90' lang='lat' dir='ltr'><strong>su·</strong></span> 
     </span>
     <span class='ocr_line' id='line_1_9' title="bbox 153 1260 1101 1353; baseline 0.007 -25"><span class='ocrx_word' id='word_1_56' title='bbox 153 1283 215 1348; x_wconf 89' lang='lat' dir='ltr'><strong>per</strong></span> <span class='ocrx_word' id='word_1_57' title='bbox 229 1266 348 1332; x_wconf 89' lang='lat' dir='ltr'><strong>clavos</strong></span> <span class='ocrx_word' id='word_1_58' title='bbox 363 1260 479 1350; x_wconf 90' lang='lat' dir='ltr'><strong>¹quasi</strong></span> <span class='ocrx_word' id='word_1_59' title='bbox 499 1267 685 1353; x_wconf 84' lang='lat' dir='ltr'><strong>adjutrices</strong></span> <span class='ocrx_word' id='word_1_60' title='bbox 700 1267 890 1333; x_wconf 85' lang='lat' dir='ltr'><strong>deficiendo</strong></span> <span class='ocrx_word' id='word_1_61' title='bbox 908 1270 1101 1353; x_wconf 85' lang='lat' dir='ltr'><strong>imponunt,</strong></span> 
     </span>
     <span class='ocr_line' id='line_1_10' title="bbox 152 1365 1101 1452; baseline 0.007 -24"><span class='ocrx_word' id='word_1_62' title='bbox 152 1365 278 1448; x_wconf 89' lang='lat' dir='ltr'><strong>quibus</strong></span> <span class='ocrx_word' id='word_1_63' title='bbox 302 1367 396 1433; x_wconf 90' lang='lat' dir='ltr'><strong>illico</strong></span> <span class='ocrx_word' id='word_1_64' title='bbox 409 1368 605 1452; x_wconf 83' lang='lat' dir='ltr'><strong>perforatis,</strong></span> <span class='ocrx_word' id='word_1_65' title='bbox 620 1388 666 1433; x_wconf 88' lang='lat' dir='ltr'><strong>ex</strong></span> <span class='ocrx_word' id='word_1_66' title='bbox 682 1368 719 1434; x_wconf 89' lang='lat' dir='ltr'><strong>vi</strong></span> <span class='ocrx_word' id='word_1_67' title='bbox 732 1369 862 1433; x_wconf 86' lang='lat' dir='ltr'><strong>doloris</strong></span> <span class='ocrx_word' id='word_1_68' title='bbox 876 1378 913 1435; x_wconf 86' lang='lat' dir='ltr'><strong>et</strong></span> <span class='ocrx_word' id='word_1_69' title='bbox 928 1371 1101 1452; x_wconf 90' lang='lat' dir='ltr'><strong>angustiae</strong></span> 
     </span>
     <span class='ocr_line' id='line_1_11' title="bbox 152 1469 1102 1552; baseline 0.005 -23"><span class='ocrx_word' id='word_1_70' title='bbox 152 1473 272 1531; x_wconf 83' lang='lat' dir='ltr'><strong>ventre</strong></span> <span class='ocrx_word' id='word_1_71' title='bbox 292 1486 335 1532; x_wconf 93' lang='lat' dir='ltr'><strong>ac</strong></span> <span class='ocrx_word' id='word_1_72' title='bbox 358 1475 433 1533; x_wconf 89' lang='lat' dir='ltr'><strong>toto</strong></span> <span class='ocrx_word' id='word_1_73' title='bbox 454 1487 597 1552; x_wconf 90' lang='lat' dir='ltr'><strong>corpore</strong></span> <span class='ocrx_word' id='word_1_74' title='bbox 620 1469 723 1533; x_wconf 84' lang='lat' dir='ltr'><strong>simul</strong></span> <span class='ocrx_word' id='word_1_75' title='bbox 745 1488 849 1552; x_wconf 89' lang='lat' dir='ltr'><strong>super</strong></span> <span class='ocrx_word' id='word_1_76' title='bbox 870 1470 989 1534; x_wconf 82' lang='lat' dir='ltr'><strong>claves</strong></span> <span class='ocrx_word' id='word_1_77' title='bbox 1005 1471 1102 1535; x_wconf 88' lang='lat' dir='ltr'><strong>volu-</strong></span> 
     </span>
     <span class='ocr_line' id='line_1_12' title="bbox 152 1568 1101 1657; baseline 0.006 -28"><span class='ocrx_word' id='word_1_78' title='bbox 152 1572 268 1631; x_wconf 88' lang='lat' dir='ltr'><strong>tantas</strong></span> <span class='ocrx_word' id='word_1_79' title='bbox 288 1568 458 1657; x_wconf 82' lang='lat' dir='ltr'><strong>paulatim</strong></span> <span class='ocrx_word' id='word_1_80' title='bbox 479 1568 523 1633; x_wconf 91' lang='lat' dir='ltr'><strong>ad</strong></span> <span class='ocrx_word' id='word_1_81' title='bbox 546 1570 663 1652; x_wconf 88' lang='lat' dir='ltr'><strong>pontis</strong></span> <span class='ocrx_word' id='word_1_82' title='bbox 687 1569 853 1634; x_wconf 86' lang='lat' dir='ltr'><strong>ulteriora</strong></span> <span class='ocrx_word' id='word_1_83' title='bbox 874 1579 999 1652; x_wconf 88' lang='lat' dir='ltr'><strong>repunt</strong></span> <span class='ocrx_word' id='word_1_84' title='bbox 1020 1571 1101 1635; x_wconf 87' lang='lat' dir='ltr'><strong>hcr-</strong></span> 
     </span>
     <span class='ocr_line' id='line_1_13' title="bbox 151 1665 1102 1753; baseline 0.008 -26"><span class='ocrx_word' id='word_1_85' title='bbox 151 1665 295 1733; x_wconf 89' lang='lat' dir='ltr'><strong>ribiliter</strong></span> <span class='ocrx_word' id='word_1_86' title='bbox 310 1667 483 1734; x_wconf 88' lang='lat' dir='ltr'><strong>cruentati</strong></span> <span class='ocrx_word' id='word_1_87' title='bbox 497 1675 534 1733; x_wconf 90' lang='lat' dir='ltr'><strong>et</strong></span> <span class='ocrx_word' id='word_1_88' title='bbox 548 1689 594 1734; x_wconf 87' lang='lat' dir='ltr'><strong>ex</strong></span> <span class='ocrx_word' id='word_1_89' title='bbox 610 1669 704 1735; x_wconf 88' lang='lat' dir='ltr'><strong>omni</strong></span> <span class='ocrx_word' id='word_1_90' title='bbox 718 1676 818 1753; x_wconf 88' lang='lat' dir='ltr'><strong>parte</strong></span> <span class='ocrx_word' id='word_1_91' title='bbox 833 1669 1004 1747; x_wconf 88' lang='lat' dir='ltr'><strong>transfixi,</strong></span> <span class='ocrx_word' id='word_1_92' title='bbox 1027 1671 1102 1748; x_wconf 89' lang='lat' dir='ltr'><strong>sed,</strong></span> 
     </span>
     <span class='ocr_line' id='line_1_14' title="bbox 151 1768 1101 1854; baseline 0.006 -25"><span class='ocrx_word' id='word_1_93' title='bbox 151 1784 229 1830; x_wconf 89' lang='lat' dir='ltr'><strong>enm</strong></span> <span class='ocrx_word' id='word_1_94' title='bbox 247 1768 292 1833; x_wconf 91' lang='lat' dir='ltr'><strong>ad</strong></span> <span class='ocrx_word' id='word_1_95' title='bbox 318 1768 444 1834; x_wconf 90' lang='lat' dir='ltr'><strong>atrium</strong></span> <span class='ocrx_word' id='word_1_96' title='bbox 468 1769 624 1835; x_wconf 87' lang='lat' dir='ltr'><strong>ecclesiae</strong></span> <span class='ocrx_word' id='word_1_97' title='bbox 643 1769 718 1854; x_wconf 92' lang='lat' dir='ltr'><strong>jam</strong></span> <span class='ocrx_word' id='word_1_98' title='bbox 740 1769 842 1834; x_wconf 84' lang='lat' dir='ltr'><strong>dictae</strong></span> <span class='ocrx_word' id='word_1_99' title='bbox 868 1769 1101 1853; x_wconf 83' lang='lat' dir='ltr'><strong>pervenerint,</strong></span> 
     </span>
     <span class='ocr_line' id='line_1_15' title="bbox 150 1864 1100 1953; baseline 0.007 -26"><span class='ocrx_word' id='word_1_100' title='bbox 150 1864 283 1932; x_wconf 84' lang='lat' dir='ltr'><strong>felicem</strong></span> <span class='ocrx_word' id='word_1_101' title='bbox 316 1868 495 1934; x_wconf 86' lang='lat' dir='ltr'><strong>introitum</strong></span> <span class='ocrx_word' id='word_1_102' title='bbox 520 1869 648 1934; x_wconf 91' lang='lat' dir='ltr'><strong>ibidem</strong></span> <span class='ocrx_word' id='word_1_103' title='bbox 676 1869 918 1953; x_wconf 74' lang='lat' dir='ltr'><strong>praestolantes</strong></span> <span class='ocrx_word' id='word_1_104' title='bbox 948 1871 1100 1934; x_wconf 87' lang='lat' dir='ltr'><strong>omnium</strong></span> 
     </span>
    </p>
   </div>
   <div class='ocr_carea' id='block_1_3' title="bbox 151 1964 1044 2034">
    <p class='ocr_par' dir='ltr' id='par_1_3' title="bbox 151 1964 1044 2034">
     <span class='ocr_line' id='line_1_16' title="bbox 151 1964 1044 2034; baseline 0.006 -5"><span class='ocrx_word' id='word_1_105' title='bbox 151 1964 402 2033; x_wconf 82' lang='lat' dir='ltr'><strong>vehementiam</strong></span> <span class='ocrx_word' id='word_1_106' title='bbox 419 1969 635 2034; x_wconf 79' lang='lat' dir='ltr'><strong>cruciatuum</strong></span> <span class='ocrx_word' id='word_1_107' title='bbox 651 1969 792 2034; x_wconf 89' lang='lat' dir='ltr'><strong>minime</strong></span> <span class='ocrx_word' id='word_1_108' title='bbox 807 1969 1044 2034; x_wconf 86' lang='lat' dir='ltr'><strong>recordantur.</strong></span> 
     </span>
    </p>
   </div>
   <div class='ocr_carea' id='block_1_4' title="bbox 171 2137 1086 2331">
    <p class='ocr_par' dir='ltr' id='par_1_4' title="bbox 171 2137 1086 2331">
     <span class='ocr_line' id='line_1_17' title="bbox 171 2137 1086 2230; baseline 0.004 -27"><span class='ocrx_word' id='word_1_109' title='bbox 171 2137 213 2204; x_wconf 82' lang='lat' dir='ltr'><strong>Ut</strong></span> <span class='ocrx_word' id='word_1_110' title='bbox 225 2151 349 2207; x_wconf 74' lang='lat' dir='ltr'><strong>sanctae</strong></span> <span class='ocrx_word' id='word_1_111' title='bbox 363 2144 504 2209; x_wconf 77' lang='lat' dir='ltr'><strong>Mieleel</strong></span> <span class='ocrx_word' id='word_1_112' title='bbox 518 2153 547 2211; x_wconf 80' lang='lat' dir='ltr'><strong>et</strong></span> <span class='ocrx_word' id='word_1_113' title='bbox 561 2143 692 2230; x_wconf 79' lang='lat' dir='ltr'><strong>apostoli</strong></span> <span class='ocrx_word' id='word_1_114' title='bbox 707 2143 824 2208; x_wconf 81' lang='lat' dir='ltr'><strong>Petras</strong></span> <span class='ocrx_word' id='word_1_115' title='bbox 838 2152 866 2207; x_wconf 79' lang='lat' dir='ltr'><strong>et</strong></span> <span class='ocrx_word' id='word_1_116' title='bbox 880 2140 1007 2208; x_wconf 81' lang='lat' dir='ltr'><strong>Paulas</strong></span> <span class='ocrx_word' id='word_1_117' title='bbox 1019 2140 1086 2208; x_wconf 81' lang='lat' dir='ltr'><strong>laea</strong></span> 
     </span>
     <span class='ocr_line' id='line_1_18' title="bbox 220 2240 1031 2331; baseline 0 -25"><span class='ocrx_word' id='word_1_118' title='bbox 220 2240 384 2309; x_wconf 69' lang='lat' dir='ltr'><strong>acuamur</strong></span> <span class='ocrx_word' id='word_1_119' title='bbox 398 2244 580 2331; x_wconf 67' lang='lat' dir='ltr'><strong>largiantur</strong></span> <span class='ocrx_word' id='word_1_120' title='bbox 593 2243 655 2309; x_wconf 67' lang='lat' dir='ltr'><strong>aba·</strong></span> <span class='ocrx_word' id='word_1_121' title='bbox 670 2244 823 2309; x_wconf 77' lang='lat' dir='ltr'><strong>divinitas</strong></span> <span class='ocrx_word' id='word_1_122' title='bbox 839 2243 1031 2327; x_wconf 57' lang='lat' dir='ltr'><strong>[ordinata]</strong></span> 
     </span>
    </p>
   </div>
   <div class='ocr_carea' id='block_1_5' title="bbox 139 2365 1103 4330">
    <p class='ocr_par' dir='ltr' id='par_1_5' title="bbox 139 2365 1103 4129">
     <span class='ocr_line' id='line_1_19' title="bbox 194 2365 1103 2454; baseline 0.004 -24"><span class='ocrx_word' id='word_1_123' title='bbox 194 2365 263 2433; x_wconf 89' lang='lat' dir='ltr'><strong>His</strong></span> <span class='ocrx_word' id='word_1_124' title='bbox 276 2367 384 2451; x_wconf 86' lang='lat' dir='ltr'><strong>igitur</strong></span> <span class='ocrx_word' id='word_1_125' title='bbox 399 2370 576 2454; x_wconf 88' lang='lat' dir='ltr'><strong>inspectis,</strong></span> <span class='ocrx_word' id='word_1_126' title='bbox 589 2368 734 2435; x_wconf 88' lang='lat' dir='ltr'><strong>redeunt</strong></span> <span class='ocrx_word' id='word_1_127' title='bbox 747 2367 859 2432; x_wconf 87' lang='lat' dir='ltr'><strong>denuo</strong></span> <span class='ocrx_word' id='word_1_128' title='bbox 875 2387 938 2451; x_wconf 90' lang='lat' dir='ltr'><strong>per</strong></span> <span class='ocrx_word' id='word_1_129' title='bbox 950 2369 1103 2434; x_wconf 88' lang='lat' dir='ltr'><strong>madium</strong></span> 
     </span>
     <span class='ocr_line' id='line_1_20' title="bbox 150 2465 1100 2559; baseline 0.004 -30"><span class='ocrx_word' id='word_1_130' title='bbox 150 2465 298 2533; x_wconf 83' lang='lat' dir='ltr'><strong>flammae</strong></span> <span class='ocrx_word' id='word_1_131' title='bbox 324 2476 465 2533; x_wconf 84' lang='lat' dir='ltr'><strong>sanctus</strong></span> <span class='ocrx_word' id='word_1_132' title='bbox 487 2469 651 2534; x_wconf 82' lang='lat' dir='ltr'><strong>Julianus</strong></span> <span class='ocrx_word' id='word_1_133' title='bbox 673 2476 708 2533; x_wconf 90' lang='lat' dir='ltr'><strong>et</strong></span> <span class='ocrx_word' id='word_1_134' title='bbox 730 2467 784 2533; x_wconf 89' lang='lat' dir='ltr'><strong>vir</strong></span> <span class='ocrx_word' id='word_1_135' title='bbox 805 2467 870 2559; x_wconf 80' lang='lat' dir='ltr'><strong>ille</strong></span> <span class='ocrx_word' id='word_1_136' title='bbox 889 2467 1033 2533; x_wconf 88' lang='lat' dir='ltr'><strong>eductus</strong></span> <span class='ocrx_word' id='word_1_137' title='bbox 1055 2470 1100 2533; x_wconf 90' lang='lat' dir='ltr'><strong>ad</strong></span> 
     </span>
     <span class='ocr_line' id='line_1_21' title="bbox 149 2566 1098 2650; baseline 0.001 -19"><span class='ocrx_word' id='word_1_138' title='bbox 149 2566 327 2632; x_wconf 81' lang='lat' dir='ltr'><strong>basilicam</strong></span> <span class='ocrx_word' id='word_1_139' title='bbox 343 2570 456 2634; x_wconf 74' lang='lat' dir='ltr'><strong>beatae</strong></span> <span class='ocrx_word' id='word_1_140' title='bbox 474 2569 608 2646; x_wconf 84' lang='lat' dir='ltr'><strong>Mariae,</strong></span> <span class='ocrx_word' id='word_1_141' title='bbox 625 2568 743 2650; x_wconf 90' lang='lat' dir='ltr'><strong>ibique</strong></span> <span class='ocrx_word' id='word_1_142' title='bbox 757 2586 836 2632; x_wconf 91' lang='lat' dir='ltr'><strong>curn</strong></span> <span class='ocrx_word' id='word_1_143' title='bbox 853 2567 1008 2632; x_wconf 90' lang='lat' dir='ltr'><strong>candidis</strong></span> <span class='ocrx_word' id='word_1_144' title='bbox 1023 2569 1098 2632; x_wconf 90' lang='lat' dir='ltr'><strong>ani·</strong></span> 
     </span>
     <span class='ocr_line' id='line_1_22' title="bbox 149 2666 1100 2752; baseline 0.002 -22"><span class='ocrx_word' id='word_1_145' title='bbox 149 2668 282 2745; x_wconf 85' lang='lat' dir='ltr'><strong>mabus,</strong></span> <span class='ocrx_word' id='word_1_146' title='bbox 299 2687 378 2751; x_wconf 84' lang='lat' dir='ltr'><strong>quae</strong></span> <span class='ocrx_word' id='word_1_147' title='bbox 392 2667 501 2752; x_wconf 83' lang='lat' dir='ltr'><strong>nuper</strong></span> <span class='ocrx_word' id='word_1_148' title='bbox 517 2668 741 2746; x_wconf 84' lang='lat' dir='ltr'><strong>advenerant,</strong></span> <span class='ocrx_word' id='word_1_149' title='bbox 754 2666 1004 2747; x_wconf 84' lang='lat' dir='ltr'><strong>substiterunt3</strong></span> <span class='ocrx_word' id='word_1_150' title='bbox 1028 2669 1100 2732; x_wconf 91' lang='lat' dir='ltr'><strong>ani-</strong></span> 
     </span>
     <span class='ocr_line' id='line_1_23' title="bbox 149 2767 1100 2851; baseline 0.001 -20"><span class='ocrx_word' id='word_1_151' title='bbox 149 2786 283 2851; x_wconf 77' lang='lat' dir='ltr'><strong>maeque</strong></span> <span class='ocrx_word' id='word_1_152' title='bbox 304 2768 375 2833; x_wconf 72' lang='lat' dir='ltr'><strong>illae</strong></span> <span class='ocrx_word' id='word_1_153' title='bbox 395 2788 417 2833; x_wconf 93' lang='lat' dir='ltr'><strong>a</strong></span> <span class='ocrx_word' id='word_1_154' title='bbox 439 2775 561 2833; x_wconf 89' lang='lat' dir='ltr'><strong>sancto</strong></span> <span class='ocrx_word' id='word_1_155' title='bbox 584 2768 728 2833; x_wconf 88' lang='lat' dir='ltr'><strong>Juliano</strong></span> <span class='ocrx_word' id='word_1_156' title='bbox 749 2775 783 2833; x_wconf 86' lang='lat' dir='ltr'><strong>et</strong></span> <span class='ocrx_word' id='word_1_157' title='bbox 804 2773 925 2831; x_wconf 85' lang='lat' dir='ltr'><strong>sancto</strong></span> <span class='ocrx_word' id='word_1_158' title='bbox 947 2767 1100 2832; x_wconf 86' lang='lat' dir='ltr'><strong>Domnic</strong></span> 
     </span>
     <span class='ocr_line' id='line_1_24' title="bbox 148 2867 1101 2952; baseline 0.002 -22"><span class='ocrx_word' id='word_1_159' title='bbox 148 2885 225 2931; x_wconf 88' lang='lat' dir='ltr'><strong>cum</strong></span> <span class='ocrx_word' id='word_1_160' title='bbox 250 2887 343 2952; x_wconf 90' lang='lat' dir='ltr'><strong>aqua</strong></span> <span class='ocrx_word' id='word_1_161' title='bbox 361 2868 543 2934; x_wconf 89' lang='lat' dir='ltr'><strong>benedicta</strong></span> <span class='ocrx_word' id='word_1_162' title='bbox 564 2875 807 2952; x_wconf 87' lang='lat' dir='ltr'><strong>asperguntur,</strong></span> <span class='ocrx_word' id='word_1_163' title='bbox 826 2874 866 2931; x_wconf 90' lang='lat' dir='ltr'><strong>ut</strong></span> <span class='ocrx_word' id='word_1_164' title='bbox 884 2867 1101 2932; x_wconf 84' lang='lat' dir='ltr'><strong>candidiores</strong></span> 
     </span>
     <span class='ocr_line' id='line_1_25' title="bbox 149 2965 1099 3051; baseline 0 -20"><span class='ocrx_word' id='word_1_165' title='bbox 149 2965 281 3033; x_wconf 87' lang='lat' dir='ltr'><strong>fierent.</strong></span> <span class='ocrx_word' id='word_1_166' title='bbox 334 2969 424 3034; x_wconf 90' lang='lat' dir='ltr'><strong>Ecce</strong></span> <span class='ocrx_word' id='word_1_167' title='bbox 448 2970 540 3034; x_wconf 89' lang='lat' dir='ltr'><strong>circa</strong></span> <span class='ocrx_word' id='word_1_168' title='bbox 560 2969 681 3033; x_wconf 86' lang='lat' dir='ltr'><strong>boram</strong></span> <span class='ocrx_word' id='word_1_169' title='bbox 703 2968 848 3051; x_wconf 90' lang='lat' dir='ltr'><strong>primam</strong></span> <span class='ocrx_word' id='word_1_170' title='bbox 868 2965 1099 3032; x_wconf 88' lang='lat' dir='ltr'><strong>illucescentis</strong></span> 
     </span>
     <span class='ocr_line' id='line_1_26' title="bbox 148 3066 1098 3150; baseline 0 -19"><span class='ocrx_word' id='word_1_171' title='bbox 148 3067 285 3133; x_wconf 87' lang='lat' dir='ltr'><strong>sabbati</strong></span> <span class='ocrx_word' id='word_1_172' title='bbox 306 3077 449 3135; x_wconf 89' lang='lat' dir='ltr'><strong>sanctus</strong></span> <span class='ocrx_word' id='word_1_173' title='bbox 471 3069 623 3134; x_wconf 86' lang='lat' dir='ltr'><strong>ldiebael</strong></span> <span class='ocrx_word' id='word_1_174' title='bbox 647 3066 875 3149; x_wconf 82' lang='lat' dir='ltr'><strong>archangelus</strong></span> <span class='ocrx_word' id='word_1_175' title='bbox 897 3075 933 3132; x_wconf 89' lang='lat' dir='ltr'><strong>et</strong></span> <span class='ocrx_word' id='word_1_176' title='bbox 957 3075 1098 3150; x_wconf 88' lang='lat' dir='ltr'><strong>aposto-</strong></span> 
     </span>
     <span class='ocr_line' id='line_1_27' title="bbox 148 3166 1099 3251; baseline 0.002 -21"><span class='ocrx_word' id='word_1_177' title='bbox 148 3166 174 3230; x_wconf 89' lang='lat' dir='ltr'><strong>li</strong></span> <span class='ocrx_word' id='word_1_178' title='bbox 196 3167 324 3233; x_wconf 90' lang='lat' dir='ltr'><strong>Petrus</strong></span> <span class='ocrx_word' id='word_1_179' title='bbox 346 3177 383 3234; x_wconf 88' lang='lat' dir='ltr'><strong>et</strong></span> <span class='ocrx_word' id='word_1_180' title='bbox 398 3169 544 3246; x_wconf 91' lang='lat' dir='ltr'><strong>Paulus,</strong></span> <span class='ocrx_word' id='word_1_181' title='bbox 567 3181 607 3233; x_wconf 90' lang='lat' dir='ltr'><strong>ut</strong></span> <span class='ocrx_word' id='word_1_182' title='bbox 626 3168 819 3244; x_wconf 90' lang='lat' dir='ltr'><strong>animabus,</strong></span> <span class='ocrx_word' id='word_1_183' title='bbox 845 3186 924 3251; x_wconf 88' lang='lat' dir='ltr'><strong>quae</strong></span> <span class='ocrx_word' id='word_1_184' title='bbox 947 3166 1041 3233; x_wconf 88' lang='lat' dir='ltr'><strong>intus</strong></span> <span class='ocrx_word' id='word_1_185' title='bbox 1063 3175 1099 3232; x_wconf 89' lang='lat' dir='ltr'><strong>et</strong></span> 
     </span>
     <span class='ocr_line' id='line_1_28' title="bbox 147 3267 1098 3352; baseline -0.001 -21"><span class='ocrx_word' id='word_1_186' title='bbox 147 3274 250 3332; x_wconf 82' lang='lat' dir='ltr'><strong>extra</strong></span> <span class='ocrx_word' id='word_1_187' title='bbox 263 3269 443 3334; x_wconf 84' lang='lat' dir='ltr'><strong>ecclesiam</strong></span> <span class='ocrx_word' id='word_1_188' title='bbox 459 3277 559 3335; x_wconf 87' lang='lat' dir='ltr'><strong>erant</strong></span> <span class='ocrx_word' id='word_1_189' title='bbox 572 3275 806 3352; x_wconf 84' lang='lat' dir='ltr'><strong>congregatae,</strong></span> <span class='ocrx_word' id='word_1_190' title='bbox 826 3267 904 3331; x_wconf 86' lang='lat' dir='ltr'><strong>loca</strong></span> <span class='ocrx_word' id='word_1_191' title='bbox 926 3267 993 3331; x_wconf 91' lang='lat' dir='ltr'><strong>sibi</strong></span> <span class='ocrx_word' id='word_1_192' title='bbox 1009 3267 1098 3331; x_wconf 90' lang='lat' dir='ltr'><strong>divi·</strong></span> 
     </span>
     <span class='ocr_line' id='line_1_29' title="bbox 148 3367 1099 3453; baseline 0.001 -22"><span class='ocrx_word' id='word_1_193' title='bbox 148 3367 242 3433; x_wconf 83' lang='lat' dir='ltr'><strong>nitus</strong></span> <span class='ocrx_word' id='word_1_194' title='bbox 270 3368 429 3434; x_wconf 81' lang='lat' dir='ltr'><strong>ordinata</strong></span> <span class='ocrx_word' id='word_1_195' title='bbox 450 3389 514 3453; x_wconf 88' lang='lat' dir='ltr'><strong>pro</strong></span> <span class='ocrx_word' id='word_1_196' title='bbox 539 3369 671 3434; x_wconf 88' lang='lat' dir='ltr'><strong>meritis</strong></span> <span class='ocrx_word' id='word_1_197' title='bbox 696 3368 926 3450; x_wconf 84' lang='lat' dir='ltr'><strong>largirentur3</strong></span> <span class='ocrx_word' id='word_1_198' title='bbox 956 3375 1099 3432; x_wconf 88' lang='lat' dir='ltr'><strong>sanctus</strong></span> 
     </span>
     <span class='ocr_line' id='line_1_30' title="bbox 147 3467 1098 3551; baseline 0 -21"><span class='ocrx_word' id='word_1_199' title='bbox 147 3467 238 3533; x_wconf 88' lang='lat' dir='ltr'><strong>anim</strong></span> <span class='ocrx_word' id='word_1_200' title='bbox 253 3468 404 3535; x_wconf 82' lang='lat' dir='ltr'><strong>Michael</strong></span> <span class='ocrx_word' id='word_1_201' title='bbox 418 3489 537 3535; x_wconf 88' lang='lat' dir='ltr'><strong>omnes</strong></span> <span class='ocrx_word' id='word_1_202' title='bbox 555 3470 688 3534; x_wconf 83' lang='lat' dir='ltr'><strong>animas</strong></span> <span class='ocrx_word' id='word_1_203' title='bbox 705 3468 870 3534; x_wconf 87' lang='lat' dir='ltr'><strong>candidas</strong></span> <span class='ocrx_word' id='word_1_204' title='bbox 887 3487 949 3551; x_wconf 89' lang='lat' dir='ltr'><strong>per</strong></span> <span class='ocrx_word' id='word_1_205' title='bbox 967 3467 1098 3532; x_wconf 89' lang='lat' dir='ltr'><strong>medias</strong></span> 
     </span>
     <span class='ocr_line' id='line_1_31' title="bbox 146 3566 1099 3654; baseline 0.001 -24"><span class='ocrx_word' id='word_1_206' title='bbox 146 3566 238 3649; x_wconf 87' lang='lat' dir='ltr'><strong>ignis</strong></span> <span class='ocrx_word' id='word_1_207' title='bbox 258 3568 416 3634; x_wconf 85' lang='lat' dir='ltr'><strong>flammas</strong></span> <span class='ocrx_word' id='word_1_208' title='bbox 433 3569 626 3654; x_wconf 81' lang='lat' dir='ltr'><strong>purgatorii</strong></span> <span class='ocrx_word' id='word_1_209' title='bbox 648 3576 683 3633; x_wconf 89' lang='lat' dir='ltr'><strong>et</strong></span> <span class='ocrx_word' id='word_1_210' title='bbox 697 3588 760 3652; x_wconf 90' lang='lat' dir='ltr'><strong>per</strong></span> <span class='ocrx_word' id='word_1_211' title='bbox 776 3575 903 3632; x_wconf 89' lang='lat' dir='ltr'><strong>caetera</strong></span> <span class='ocrx_word' id='word_1_212' title='bbox 925 3567 1003 3632; x_wconf 91' lang='lat' dir='ltr'><strong>loca</strong></span> <span class='ocrx_word' id='word_1_213' title='bbox 1024 3587 1099 3648; x_wconf 86' lang='lat' dir='ltr'><strong>pae-</strong></span> 
     </span>
     <span class='ocr_line' id='line_1_32' title="bbox 139 3666 1098 3750; baseline -0.002 -19"><span class='ocrx_word' id='word_1_214' title='bbox 139 3667 242 3733; x_wconf 80' lang='lat' dir='ltr'><strong>nalia</strong></span> <span class='ocrx_word' id='word_1_215' title='bbox 267 3669 397 3734; x_wconf 83' lang='lat' dir='ltr'><strong>illaesas</strong></span> <span class='ocrx_word' id='word_1_216' title='bbox 424 3670 572 3735; x_wconf 86' lang='lat' dir='ltr'><strong>transire</strong></span> <span class='ocrx_word' id='word_1_217' title='bbox 597 3669 680 3734; x_wconf 86' lang='lat' dir='ltr'><strong>fecit</strong></span> <span class='ocrx_word' id='word_1_218' title='bbox 701 3687 813 3750; x_wconf 89' lang='lat' dir='ltr'><strong>usque</strong></span> <span class='ocrx_word' id='word_1_219' title='bbox 844 3666 888 3731; x_wconf 91' lang='lat' dir='ltr'><strong>ad</strong></span> <span class='ocrx_word' id='word_1_220' title='bbox 918 3667 1098 3731; x_wconf 86' lang='lat' dir='ltr'><strong>introitum</strong></span> 
     </span>
     <span class='ocr_line' id='line_1_33' title="bbox 145 3765 1098 3852; baseline -0.002 -22"><span class='ocrx_word' id='word_1_221' title='bbox 145 3767 239 3831; x_wconf 85' lang='lat' dir='ltr'><strong>illius</strong></span> <span class='ocrx_word' id='word_1_222' title='bbox 255 3788 391 3852; x_wconf 72' lang='lat' dir='ltr'><strong>magnae</strong></span> <span class='ocrx_word' id='word_1_223' title='bbox 408 3770 572 3845; x_wconf 87' lang='lat' dir='ltr'><strong>basilicae,</strong></span> <span class='ocrx_word' id='word_1_224' title='bbox 595 3787 674 3850; x_wconf 85' lang='lat' dir='ltr'><strong>quae</strong></span> <span class='ocrx_word' id='word_1_225' title='bbox 696 3767 806 3832; x_wconf 90' lang='lat' dir='ltr'><strong>estin</strong></span> <span class='ocrx_word' id='word_1_226' title='bbox 829 3773 945 3831; x_wconf 88' lang='lat' dir='ltr'><strong>monte</strong></span> <span class='ocrx_word' id='word_1_227' title='bbox 967 3765 1098 3847; x_wconf 88' lang='lat' dir='ltr'><strong>gaudii,</strong></span> 
     </span>
     <span class='ocr_line' id='line_1_34' title="bbox 147 3866 1097 3953; baseline -0.003 -22"><span class='ocrx_word' id='word_1_228' title='bbox 147 3866 279 3933; x_wconf 83' lang='lat' dir='ltr'><strong>babens</strong></span> <span class='ocrx_word' id='word_1_229' title='bbox 304 3871 495 3953; x_wconf 82' lang='lat' dir='ltr'><strong>partemin</strong></span> <span class='ocrx_word' id='word_1_230' title='bbox 524 3876 623 3952; x_wconf 90' lang='lat' dir='ltr'><strong>parte</strong></span> <span class='ocrx_word' id='word_1_231' title='bbox 644 3867 848 3933; x_wconf 90' lang='lat' dir='ltr'><strong>occidentali</strong></span> <span class='ocrx_word' id='word_1_232' title='bbox 874 3884 1009 3948; x_wconf 88' lang='lat' dir='ltr'><strong>semper</strong></span> <span class='ocrx_word' id='word_1_233' title='bbox 1034 3884 1097 3947; x_wconf 87' lang='lat' dir='ltr'><strong>pa-</strong></span> 
     </span>
     <span class='ocr_line' id='line_1_35' title="bbox 146 3966 1099 4047; baseline -0.009 -10"><span class='ocrx_word' id='word_1_234' title='bbox 146 3974 303 4047; x_wconf 76' lang='lat' dir='ltr'><strong>tentem3</strong></span> <span class='ocrx_word' id='word_1_235' title='bbox 333 3970 466 4034; x_wconf 91' lang='lat' dir='ltr'><strong>animas</strong></span> <span class='ocrx_word' id='word_1_236' title='bbox 483 3989 566 4035; x_wconf 88' lang='lat' dir='ltr'><strong>vero</strong></span> <span class='ocrx_word' id='word_1_237' title='bbox 586 3968 730 4033; x_wconf 88' lang='lat' dir='ltr'><strong>maculis</strong></span> <span class='ocrx_word' id='word_1_238' title='bbox 753 3967 840 4032; x_wconf 91' lang='lat' dir='ltr'><strong>albis</strong></span> <span class='ocrx_word' id='word_1_239' title='bbox 864 3973 899 4030; x_wconf 86' lang='lat' dir='ltr'><strong>et</strong></span> <span class='ocrx_word' id='word_1_240' title='bbox 915 3966 1023 4047; x_wconf 87' lang='lat' dir='ltr'><strong>nigris</strong></span> <span class='ocrx_word' id='word_1_241' title='bbox 1047 3985 1099 4028; x_wconf 89' lang='lat' dir='ltr'><strong>re·</strong></span> 
     </span>
     <span class='ocr_line' id='line_1_36' title="bbox 148 4088 1098 4129; baseline 0.001 -14"><span class='ocrx_word' id='word_1_242' title='bbox 148 4088 1098 4129; x_wconf 24' lang='lat' dir='ltr'><strong>*ww-..fi</strong></span> 
     </span>
    </p>

    <p class='ocr_par' dir='ltr' id='par_1_6' title="bbox 324 4184 993 4330">
     <span class='ocr_line' id='line_1_37' title="bbox 324 4184 908 4253; baseline -0.002 -14"><span class='ocrx_word' id='word_1_243' title='bbox 324 4188 332 4219; x_wconf 95' lang='lat'><strong>¹</strong></span> <span class='ocrx_word' id='word_1_244' title='bbox 347 4189 425 4246; x_wconf 69' lang='lat' dir='ltr'><strong>Quasi</strong></span> <span class='ocrx_word' id='word_1_245' title='bbox 435 4190 589 4253; x_wconf 60' lang='lat' dir='ltr'><strong>adjutricem]</strong></span> <span class='ocrx_word' id='word_1_246' title='bbox 605 4190 704 4242; x_wconf 82' lang='lat' dir='ltr'><strong>‘Quasi</strong></span> <span class='ocrx_word' id='word_1_247' title='bbox 714 4184 864 4253; x_wconf 53' lang='lat' dir='ltr'><strong>adjudices}</strong></span> <span class='ocrx_word' id='word_1_248' title='bbox 878 4189 908 4238; x_wconf 81' lang='lat' dir='ltr'><strong>C.</strong></span> 
     </span>
     <span class='ocr_line' id='line_1_38' title="bbox 950 4285 993 4330; baseline 0.047 -2"><span class='ocrx_word' id='word_1_249' title='bbox 950 4285 993 4330; x_wconf 81' lang='lat' dir='ltr'><strong>oa</strong></span> 
     </span>
    </p>
   </div>
   <div class='ocr_carea' id='block_1_6' title="bbox 0 0 1434 4876">
    <p class='ocr_par' dir='ltr' id='par_1_7' title="bbox 0 0 1434 4876">
     <span class='ocr_line' id='line_1_39' title="bbox 0 0 1434 4876; baseline 0 2"><span class='ocrx_word' id='word_1_250' title='bbox 0 0 1434 4876; x_wconf 95' lang='lat' dir='ltr'><strong> </strong></span> 
     </span>
    </p>
   </div>
  </div>
 </body>
</html>
