2858 4876
405 420 544 469 nunnus
568 422 835 471 rusronrnnuu.
1030 405 1095 470 173

142 578 453 662 Rupe-Andeliaci,
482 580 574 664 quod
609 601 670 645 rex
702 581 898 646 Richardus
924 602 945 646 a
968 583 1091 646 funda·
1106 598 1228 637 A·1>·¹²⁰³·

141 680 266 744 mentis
301 688 557 758 construxerat,
592 681 653 744 sed
684 684 858 766 probitate
893 682 1024 765 Rogeri
1050 683 1093 747 de

142 778 244 844 Irasci
259 788 294 845 et
309 780 477 845 fidelitate
493 781 767 863 incomparabili,
791 783 847 846 cui
869 784 976 848 castri
998 782 1092 847 illius

140 879 251 944 tutela
272 882 456 946 commissa
478 881 604 958 fuerat,
626 883 661 944 in
684 882 746 946 illa
768 884 945 948 obsidione
969 903 1091 966 parum

140 978 298 1062 profecit,
328 981 396 1044 nisi
420 981 512 1064 quod
536 982 686 1047 obsessis
713 1003 890 1065 egressum
916 983 1091 1066 denegans

141 1079 330 1167 subsidium
346 1081 453 1145 vitale
477 1081 546 1144 illis
564 1083 749 1147 subtraxit.
802 1082 895 1146 Dum
916 1083 990 1147 haeo
1012 1077 1091 1146 ¹sic-

141 1180 216 1243 cine
241 1188 438 1263 agerentur,
467 1180 759 1264 Normannigenae
786 1183 926 1265 quidam
956 1203 978 1247 a
1011 1204 1091 1265 rege

141 1278 334 1362 Anglorum
362 1282 500 1365 penitus
530 1291 759 1360 recesserunt,
787 1283 928 1366 quidam
954 1285 985 1347 ei
1011 1283 1091 1348 ficte

140 1379 370 1447 adhaeserunt.

209 1554 251 1620 Ut
267 1576 322 1621 ran
335 1555 491 1622 Jolmanas
504 1557 539 1621 in
554 1555 707 1643 Apuliam
723 1558 842 1622 enan
857 1558 1026 1623 mannam

318 1659 487 1743 pecaniam
502 1680 523 1722 a
538 1655 734 1744 manantibus
750 1660 917 1723 eatormrit.

191 1778 325 1845 Videns
342 1782 482 1847 tandem
505 1802 568 1846 rex
584 1782 607 1846 J
610 1783 762 1847 ohannes
783 1783 954 1849 desectum
977 1803 1090 1862 suum,
1103 1801 1240 1842 Jonncome·

140 1899 285 1963 seseque
302 1883 396 1946 omni
412 1882 552 1947 militari
575 1884 729 1948 subsidio
746 1885 962 1961 destitutum,
984 1905 1090 1950 naves
1103 1853 1231 1952 dri-iiiiii

141 1982 206 2044 sub
227 1981 405 2047 celeritate
426 1984 625 2048 conscendit
650 1991 686 2048 et
708 1985 744 2047 in
769 1985 825 2049 die
847 1986 960 2048 sancti
984 1985 1016 2047 N
1020 1987 1091 2051 ico·

141 2080 189 2144 lai
211 2081 304 2164 apud
325 2081 568 2148 Portesmutbe
590 2085 769 2167 applicuit.
823 2084 959 2148 Deinde
981 2084 1016 2147 in
1035 2105 1092 2150 co-

140 2180 241 2246 mites
268 2191 304 2248 et
335 2184 480 2248 barones
512 2187 711 2249 occasiones
739 2184 968 2267 praetendenS,
999 2186 1090 2267 quod

140 2280 254 2364 ipsum
272 2283 364 2348 inter
384 2284 503 2349 hostes
522 2286 732 2368 reliquerant
750 2286 784 2348 in
805 2286 960 2367 partibus
976 2293 1090 2350 trans·

140 2381 294 2461 marinis,
318 2385 410 2448 unde
429 2384 573 2449 castella
598 2392 632 2449 et
650 2392 761 2449 terras
784 2404 865 2448 suas
888 2405 951 2468 pro
972 2405 1089 2450 eorum

140 2481 275 2547 deiectu
299 2485 474 2562 amiserat,
494 2479 602 2568 ²cepit
620 2486 729 2549 abeis
751 2486 931 2569 septimam
956 2494 1090 2568 partem

140 2582 292 2647 omnium
309 2585 486 2649 mobilium
503 2605 665 2664 suorum;
690 2606 751 2650 nec
767 2586 872 2651 etiam
888 2587 932 2650 ab
952 2586 1017 2650 hao
1033 2607 1089 2650 ra-

140 2683 223 2765 pina
241 2684 277 2747 in
294 2685 448 2750 ecclesiis
461 2686 748 2750 conventualibus
764 2686 818 2750 vel
835 2686 1089 2769 parochialibus

139 2802 262 2848 manus
289 2787 443 2850 coercuit
471 2786 651 2863 violentae,
680 2787 848 2869 siquidem
880 2786 1000 2851 habuit
1026 2787 1090 2852 hu·

134 2881 195 2967 jus
217 2886 349 2969 rapinae
366 2894 569 2951 executores
592 2888 627 2950 in
646 2888 747 2950 rebus
765 2887 1008 2951 ecclesiasticis
1024 2889 1089 2951 sci-

138 2984 220 3049 lieet
243 2986 453 3064 Hubertum,
475 2986 757 3051 Cantuariensem
781 2987 1088 3070 archiepiscopum,

140 3085 176 3148 in
206 3087 308 3152 rebus
341 3094 455 3151 autem
487 3088 586 3151 laicis
615 3087 821 3151 Gaufridum
853 3087 1103 3166 filium-Petri,

141 3183 279 3267 Angliae
289 3187 536 3271 justiciarium,
554 3189 613 3270 qui
631 3188 666 3251 in
687 3189 891 3252 executione
904 3188 978 3270 jam
996 3187 1089 3251 dicta

141 3286 227 3350 nulli
255 3295 491 3372 pepercerunt.
545 3288 625 3351 Rex
649 3307 730 3351 vero
759 3287 984 3364 Francorum,
1010 3307 1088 3350 cum

140 3405 256 3469 regem
273 3386 468 3471 Anglorum
491 3408 513 3451 a
534 3389 692 3471 partibus
713 3387 952 3451 transmarinis
977 3406 1089 3451 rec-es·

140 3486 226 3552 sisse
250 3488 484 3571 cognovisset,
515 3489 668 3553 venitin
691 3487 892 3552 fortitudine
922 3488 1022 3569 gravi
1044 3488 1088 3551 ad

139 3587 296 3673 singulas
316 3588 475 3654 civitates
495 3596 530 3653 et
549 3588 694 3653 castella
716 3595 882 3652 terrarum
907 3587 1090 3671 praedicta-

138 3707 226 3767 rum,
260 3690 446 3754 osteudens
477 3689 611 3754 civibus
639 3696 674 3753 et
702 3689 900 3752 castellanis
926 3708 963 3752 se
986 3707 1008 3751 a
1029 3687 1090 3750 do-

139 3788 232 3855 mino
257 3808 321 3855 suo
348 3789 422 3854 fore
448 3789 641 3853 derelictos
695 3788 883 3870 Proposuit
911 3789 1027 3865 etiam,
1051 3808 1089 3852 se

172 3954 309 4024 miccina]
327 3960 412 4010 ‘Sane
421 3959 428 3981 ’
438 3961 465 4009 in
478 3961 508 4011 C.
625 3963 651 4007 to
660 3959 749 4008 enable
757 3959 809 4007 him
821 3963 847 4008 to
858 3959 975 4008 continue
986 3958 1028 4007 the
1035 3972 1090 4006 war

626 4031 727 4091 against
744 4029 842 4091 Philip,
858 4030 959 4078 written
981 4030 1008 4077 in
1026 4032 1090 4076 12⁰2

172 4091 292 4165 'Cepit.]
310 4096 410 4146 Letters
420 4096 484 4146 from
496 4097 565 4147 John
576 4101 602 4146 to
626 4100 677 4148 and
690 4103 764 4161 1204,
781 4114 824 4149 are
841 4100 915 4161 given
931 4100 958 4147 in
973 4099 1016 4146 the
1032 4113 1090 4146 new

136 4166 181 4216 tbe
203 4166 346 4217 (listercian
367 4167 457 4217 mouks
485 4168 536 4217 and
559 4168 602 4216 the
627 4170 690 4221 edit.
707 4171 847 4232 oiRymer‚
863 4169 926 4218 from
938 4169 980 4219 the
997 4169 1091 4218 Patent

138 4236 226 4300 clergy
235 4237 267 4287 oi
279 4236 393 4300 Ireland,
404 4238 497 4301 asking
512 4253 602 4300 money
627 4241 709 4303 Rolls,
719 4256 763 4303 pp.
776 4244 818 4302 86,
829 4243 870 4301 87,
881 4243 922 4288 9⁰.
