2858 4876
416 395 556 445 naeuus
574 395 849 450 ursronmauu.
1039 382 1106 448 279

153 551 247 615 misit
266 569 411 616 assensu
433 551 529 634 regio
556 549 800 634 Pandulphum
818 550 894 635 jam
917 571 1010 635 saepe
1032 554 1104 619 dic·
1118 570 1173 610 An.
1184 572 1240 614 12¹4.

152 658 227 742 tum
253 651 297 715 ad
326 650 457 716 curiam
487 651 695 728 Romanam,
727 657 767 715 ut
793 651 1042 737 archiepiscopi
1069 661 1104 720 et

152 752 392 834 episcoporum
414 751 631 834 propositum
646 751 800 815 irritaret
813 772 823 831 ;
849 771 919 834 quo
932 772 1010 816 eum
1026 773 1106 836 per-

153 851 317 928 venisset,
345 850 472 915 famam
496 850 745 933 archiepiscopi
776 849 1038 916 cantuariensis
1066 854 1104 917 in

153 958 341 1032 conspectu
354 950 480 1015 summi
498 950 671 1033 pontificis
689 970 759 1015 non
776 950 993 1017 mediocriter
1007 951 1104 1016 deni-

150 1049 281 1131 gravit,
314 1069 430 1133 regem
458 1070 596 1133 quoque
616 1049 810 1132 Anglorum
838 1052 945 1116 tantis
977 1051 1104 1117 ibidem

151 1150 280 1217 extulit
295 1150 438 1215 laudum
454 1151 649 1233 praeconiis,
665 1168 822 1215 asserens
838 1170 875 1216 se
895 1170 1012 1234 regem
1031 1159 1104 1217 tam

152 1248 316 1314 humilem
333 1258 474 1333 tamque
496 1250 687 1316 modestum
710 1256 854 1315 eatenus
874 1271 944 1317 non
963 1251 1103 1330 vidisse,

152 1355 192 1413 ut
208 1349 245 1413 in
265 1351 375 1415 oculis
398 1350 526 1416 domini
547 1370 648 1434 papae
672 1350 763 1414 idem
788 1370 851 1414 rex
872 1352 1022 1432 gratiam
1043 1352 1106 1416 ad·

151 1449 342 1516 mirabilem
359 1451 541 1517 obtineret.
594 1449 739 1515 Restitit
760 1458 876 1515 autem
896 1449 1103 1534 Pandnlpho

93 1591 100 1603 ·
150 1549 277 1615 ibidem
292 1551 458 1634 magister
472 1549 589 1616 Simon
612 1550 655 1614 de
678 1548 894 1631 Langetuna,
917 1550 1025 1616 frater
1046 1570 1103 1615 ar-

151 1648 363 1733 chiepiscopi
390 1649 673 1728 cantuariensis3
700 1648 772 1726 sed,
796 1651 960 1732 quoniam
982 1650 1104 1716 charta

152 1749 244 1830 regis
270 1767 356 1813 auro
383 1749 517 1813 bullata
540 1738 680 1815 domino
702 1767 803 1831 papae
824 1750 867 1815 de
889 1750 1104 1834 subjectione

153 1853 189 1911 et
209 1848 339 1915 tributo
362 1849 460 1931 regni
482 1847 622 1930 Angliee
643 1854 679 1913 et
694 1847 874 1914 Hiberniae
894 1869 916 1914 a
936 1850 1103 1933 praedicto

153 1945 363 2031 Pandulpho
385 1968 495 2030 nuper
513 1948 630 2013 delata
652 1948 777 2026 fuerat,
801 1949 966 2031 magister
982 1949 1102 2013 Simon

150 2047 187 2110 in
217 2049 290 2111 suis
319 2047 647 2115 contradictionibus
678 2068 746 2114 non
785 2049 899 2133 potuit
933 2049 1102 2113 exaudiri.

151 2144 342 2212 Asserebat
369 2155 539 2230 praeterea
568 2146 795 2230 Pandulphus
826 2156 1036 2216 memoratus
1065 2149 1103 2212 in

151 2249 338 2328 praesentia
359 2248 489 2314 domini
510 2267 624 2340 papae,
653 2247 949 2330 arehiepiscopum
971 2255 1007 2312 et
1030 2249 1104 2330 epi-

151 2364 277 2429 scopos
307 2348 344 2412 in
370 2348 554 2413 exactione
584 2354 620 2412 et
653 2346 848 2411 ablatorum
882 2348 1101 2413 restitutione

151 2452 305 2528 tempore
332 2446 507 2511 interdicti
534 2448 635 2511 nimis
663 2466 738 2511 esse
757 2445 887 2528 rigidos
911 2454 946 2513 et
962 2466 1100 2526 avaros,

151 2545 312 2627 quodque
338 2535 452 2628 ipsum
483 2565 599 2628 regem
631 2553 667 2610 et
692 2547 791 2627 regni
817 2545 995 2611 libertates
1021 2546 1101 2629 plus

151 2663 252 2727 aequo
273 2644 522 2731 deprimebant.
574 2646 621 2711 Et
637 2646 687 2711 sie
703 2645 919 2728 propositum
935 2645 1101 2729 archiepi-

149 2745 247 2827 scopi
271 2752 308 2810 et
334 2736 573 2829 episcoporum
595 2746 639 2810 ad
662 2753 798 2829 tempus
821 2745 1021 2813 dilationem
1043 2764 1101 2810 ac-

127 2845 254 2927 cepit.

257 3019 327 3084 Rea
341 3019 497 3085 Joteena
509 3019 757 3104 transfretavit
743 3039 779 3083 ιιι
792 3018 869 3083 Pict
856 3018 987 3083 taciem.

202 3135 348 3207 Eodem¹
376 3161 468 3207 anno
494 3162 555 3207 rex
578 3139 773 3223 Anglorum
800 3140 823 3205 J
826 3140 979 3206 ohannes
1006 3139 1221 3206 misitsed-n

149 3242 363 3354 principibus
383 3241 517 3307 militiae
541 3260 626 3319 suae,
655 3242 715 3324 qui
743 3241 875 3306 erant
866 3261 903 3305 ιιι
922 3207 1143 3317 Flandria,⁰
1144 3207 1197 3247 Μ’

149 3341 332 3424 pecuniam
353 3361 516 3423 magnam
540 3342 655 3418 nimis,
678 3347 718 3405 ut
740 3360 857 3422 regem
886 3340 1099 3405 Francorum

149 3442 384 3524 inquietarent
417 3450 453 3506 et
486 3449 597 3507 terras
626 3460 704 3505 cum
738 3441 861 3505 castris
904 3440 1100 3504 incursione

148 3540 273 3609 bellica
294 3542 538 3620 devastarent3
566 3547 604 3605 at
625 3541 676 3605 illi
693 3541 785 3622 regis
800 3539 1099 3605 exhortationibus

149 3642 427 3724 obtemperantes
462 3649 589 3705 terram
623 3640 758 3705 comitis
790 3640 833 3705 de
863 3639 1001 3723 Gysnes
1029 3638 1100 3703 fere

148 3747 260 3805 totam
282 3741 372 3806 ferro
394 3741 611 3823 flammisque
633 3740 905 3805 discurrentibus
927 3738 1101 3806 contrive-

148 3846 250 3920 runt3
271 3848 424 3906 cestrum
447 3840 490 3904 de
508 3839 705 3903 Bruncham
728 3839 924 3904 obsidentes
946 3844 1101 3922 prostra-

148 3947 286 4017 verunt,
308 3941 367 4004 ubi
397 3940 524 4004 milites
550 3945 586 4004 et
613 3938 802 4004 servientes
823 3940 951 4003 multos
974 3938 1017 4002 ad
1040 3937 1102 4000 de·

185 4112 383 4238 affirmando]
400 4117 524 4179 Compare
542 4116 622 4180 Brito,
639 4132 665 4178 p.
676 4120 718 4180 94,
729 4130 793 4180 seqq.
797 4133 807 4176 ,·
829 4116 922 4166 Chron.
931 4115 963 4164 de
975 4115 1001 4165 S.
1011 4112 1104 4176 Denis,

148 4203 177 4250 p.
240 4223 247 4238 .
