2858 4876
332 393 398 465 196
586 408 720 458 aoonnr
744 410 792 458 nn
815 409 1025 461 waubovnn

172 585 229 627 av
239 586 296 626 1²⁰⁶
333 588 493 653 sparsas,
503 577 604 634 extra
626 571 805 636 basilicam
827 590 925 634 muro
948 569 1244 653 septentrionali
1234 588 1286 632 rn-

172 637 290 727 ffiflb
329 670 500 756 jacentes,
537 672 611 735 sine
647 672 766 756 aliqua
799 690 942 786 operum
971 669 1196 748 discussione,
1226 687 1289 751 per

334 779 471 854 portam
499 772 685 855 quandam,
715 791 793 855 quae
819 778 895 835 erat
927 771 963 835 in
994 769 1155 834 orientali
1187 775 1286 852 parte

334 871 501 949 basilicae,
521 872 645 936 beatus
666 871 793 936 Petrus
816 870 987 935 introduci
1009 869 1091 934 fecit
1112 870 1149 933 in
1170 869 1288 952 ignem

335 971 588 1054 purgatorium,
615 979 654 1036 ut
682 992 704 1035 a
730 971 889 1048 maculis,
917 988 1005 1053 quas
1029 989 1051 1034 a
1077 970 1286 1051 contagione

335 1078 555 1159 peccatorum
581 1079 840 1148 contraxerant,
871 1090 932 1154 per
962 1069 1177 1134 adustionem
1208 1088 1289 1153 pos-

336 1178 414 1235 sent
428 1170 671 1236 debacchantis
688 1170 839 1237 incendii
856 1170 1047 1235 emundari.

480 1347 530 1411 Do
536 1345 759 1433 ponderatione
773 1343 918 1410 docorum
932 1354 961 1409 at
974 1343 1136 1408 crebram.

402 1473 534 1536 Beatus
563 1489 699 1553 quoque
732 1469 865 1533 Paulus
897 1469 1076 1553 apostolus
1110 1467 1153 1531 ad
1186 1467 1288 1533 finem

338 1571 427 1635 muri
453 1569 733 1655 septentrionalis
753 1570 904 1634 residere
928 1571 1036 1653 coepit
1058 1570 1150 1633 intra
1172 1567 1289 1632 basili·

339 1691 436 1751 cam3
462 1678 497 1736 et
514 1679 614 1736 extra
632 1689 779 1748 murum,
799 1690 843 1734 ex
859 1671 1019 1754 opposito
1035 1667 1198 1752 apostoli,
1217 1668 1291 1731 dia-

338 1771 439 1836 bolus
473 1789 551 1834 cum
585 1771 657 1834 suis
688 1770 896 1834 satellitibus
925 1769 1125 1849 residebat3
1163 1776 1290 1850 puteus

338 1878 455 1936 autem
474 1870 738 1948 flammivomus,
754 1871 814 1953 qui
836 1890 876 1935 os
898 1877 974 1934 erat
996 1870 1091 1952 putei
1112 1869 1288 1952 gebenna-

338 1969 394 2049 lis,
427 1989 527 2035 secus
562 1971 666 2055 pedes
699 1970 828 2035 diaboli
859 1971 1069 2053 erumpebat.
1119 1969 1288 2047 Quaedam
1328 2007 1330 2010 -

339 2090 422 2136 vero
454 2071 554 2149 libra,
585 2089 686 2154 aequa
715 2070 816 2134 lance
847 2070 1053 2153 dependens,
1081 2068 1186 2134 affixa
1215 2077 1291 2133 erat

337 2191 444 2255 super
480 2191 615 2236 murum
654 2171 746 2235 inter
788 2170 983 2254 apostolum
1027 2178 1062 2234 et
1103 2169 1290 2247 diabolum,

339 2271 439 2356 cnjus
469 2291 551 2355 pars
579 2271 692 2335 media
719 2270 935 2354 dependebat
959 2277 1040 2335 ante
1065 2276 1289 2353 conspectum

340 2371 467 2436 diaboli
491 2373 670 2451 exterius3
698 2369 849 2436 habebat
873 2372 992 2455 itaque
1015 2370 1193 2453 apostolus
1219 2370 1289 2434 duo

340 2472 505 2554 pondera,
520 2472 633 2556 majus
651 2479 688 2535 et
703 2472 827 2550 minus,
848 2472 986 2536 omnino
1008 2472 1118 2535 nitida
1139 2478 1175 2535 et
1189 2471 1290 2553 qnasi

340 2591 458 2650 aurea,
472 2580 508 2636 et
530 2571 688 2636 diabolus
710 2571 867 2636 similiter
889 2571 957 2636 duo
979 2571 1147 2653 fuliginea
1169 2578 1205 2637 et
1227 2572 1290 2636 ob-

338 2691 453 2735 scura.
500 2670 732 2737 Accesserant
754 2690 838 2754 ergo
866 2672 990 2736 animae
1014 2691 1060 2736 ex
1082 2678 1156 2737 toto
1179 2671 1290 2753 nigrae

339 2789 418 2834 cum
435 2790 563 2853 magno
577 2772 700 2835 timore
715 2778 757 2835 ct·
764 2772 1005 2855 trepidatione,
1020 2791 1091 2834 una
1105 2779 1185 2854 post
1202 2771 1291 2837 alte-

340 2888 427 2948 ram,
442 2871 588 2953 singulae
603 2871 885 2954 ponderationem
900 2891 1041 2955 operum
1064 2890 1204 2936 suorum
1225 2872 1289 2937 ibi-

341 2970 419 3033 dem
435 2971 562 3035 visurae
584 2971 749 3036 bonorum
776 2979 811 3036 et
825 2971 1017 3053 malorum3
1041 2990 1120 3035 nam
1136 2971 1291 3055 pondera

341 3070 506 3153 praedicta
526 3070 764 3153 ponderabant
791 3072 1006 3154 singularum
1030 3091 1136 3155 opera
1157 3072 1289 3136 anima·

340 3188 430 3249 rum,
441 3171 629 3247 secundum
643 3171 735 3254 quod
750 3171 903 3236 fecerant
913 3173 1042 3236 bonum
1058 3171 1132 3236 sive
1148 3172 1288 3236 malum.

341 3266 429 3334 Cum
448 3291 532 3354 ergo
548 3277 681 3336 statera
700 3291 737 3335 se
753 3291 874 3336 versus
892 3272 1088 3355 apostolum
1107 3272 1291 3338 inclinaret

341 3389 403 3453 per
425 3389 565 3435 suorum
592 3371 808 3436 librationem
826 3372 1026 3455 ponderum,
1041 3371 1185 3436 tollebat
1206 3392 1293 3456 apo-

340 3471 453 3535 stolus
469 3472 619 3535 animam
633 3471 727 3536 illam
751 3479 786 3536 et
801 3473 997 3536 introduxit
1020 3491 1094 3536 eam
1123 3490 1185 3554 per
1209 3492 1290 3556 por-

340 3577 413 3634 tam
430 3571 643 3647 orientalem,
666 3590 745 3653 quae
767 3571 954 3656 conjuncta
968 3579 1051 3636 'crat
1073 3573 1237 3650 basilicae,
1254 3572 1291 3636 in

340 3669 456 3752 ignem
489 3671 741 3754 purgatorium,
766 3679 807 3736 ut
836 3672 908 3735 illic
934 3672 1079 3736 crimina
1112 3671 1288 3755 expiaret3

340 3788 418 3834 cnm
443 3790 526 3835 vero
550 3789 632 3854 pars
665 3778 806 3835 staterae
836 3771 880 3835 ad
909 3770 1085 3836 diabolum
1118 3791 1155 3836 se
1192 3772 1290 3836 incli-

339 3876 441 3935 naret
464 3878 499 3935 et
520 3870 813 3954 praeponderaret,
835 3889 918 3935 mox
947 3872 1008 3935 ille
1033 3890 1111 3935 cnm
1134 3871 1292 3936 satelliti-

340 3968 406 4032 bus
449 3970 521 4033 suis
560 3971 710 4035 animam
752 3971 913 4035 miseram
949 3971 1052 4036 nimis
1088 3971 1289 4056 ejulantem,

339 4075 542 4154 patremque
566 4090 667 4134 suum
681 4090 732 4135 -ac
759 4078 916 4150 matrem,
939 4072 999 4155 qui
1021 4090 1097 4136 eam
1119 4071 1165 4135 ad
1187 4079 1291 4136 aeter-

338 4186 386 4233 na
402 4177 594 4252 genuerant
617 4177 802 4249 tormenta,
822 4171 1097 4251 maledicentem,
1114 4173 1290 4256 rapientes
