2858 4876
338 401 382 466 86
593 416 727 465 aornar
751 416 798 462 on
821 413 1029 480 wnnoovnn

215 622 220 630 ⁵
316 593 318 597 Ι
383 647 425 712 Ut
440 669 494 712 roc
506 645 681 733 Aoplornm
698 645 735 710 de
749 644 890 732 captione
903 665 962 709 cna
976 642 1014 708 dc
1029 642 1104 708 doce
1118 644 1258 709 Austriae

520 746 642 811 domino
651 767 746 832 papa
766 744 921 831 querclam
935 745 1117 833 deprosnerit.

184 894 240 934 nn
251 893 307 931 ιιιι.
395 871 500 937 Αιιιιο
526 870 718 935 Dominicae
743 869 937 935 nativitatis
964 885 1101 933 mcxcv.
1124 861 1204 932 ¹rex
1233 868 1298 932 Ri-

182 943 299 1042 diffie
311 971 494 1036 achardus
522 971 564 1035 ad
591 971 708 1035 sedem
733 970 961 1054 apostolicam
989 968 1130 1033 nuntios
1157 968 1297 1046 direxit,

184 1045 313 1142 {lillis
347 1072 407 1154 qui
432 1073 469 1135 in
492 1071 678 1153 praesentia
705 1069 836 1134 domini
861 1088 963 1152 papae
989 1068 1169 1133 constituti
1192 1068 1298 1132 talem

185 1104 281 1232 lldid‘
348 1171 581 1254 deposuerunt
610 1169 809 1252 querelam3
842 1168 980 1234 ‘Pater
1006 1175 1138 1246 sancte,
1168 1166 1300 1231 salutat

349 1271 591 1335 excellentiam
623 1275 776 1334 vestram
813 1285 877 1332 rex
909 1266 1104 1350 Anglorum
1140 1266 1299 1331 dominns

350 1377 469 1434 noster
491 1368 698 1445 Richardns,
720 1374 756 1431 et
777 1368 931 1450 postulat
953 1368 1020 1431 sibi
1042 1366 1215 1451 justitiam
1238 1386 1301 1430 ex·

351 1469 460 1533 hiberi
488 1468 531 1532 de
558 1467 644 1532 duce
666 1466 832 1544 Austriae,
855 1469 914 1550 qui
938 1467 1052 1549 ipsum
1079 1465 1122 1530 de
1146 1465 1301 1549 peregri-

353 1569 494 1632 natione
513 1587 577 1632 sna
599 1575 672 1632 tam
690 1567 864 1630 laboriosa
884 1572 1115 1631 revertentem
1132 1566 1236 1648 oepit,
1254 1572 1302 1643 et,

352 1668 455 1731 aliter
485 1686 588 1750 quam
620 1674 758 1731 tantum
791 1666 981 1749 principem
1009 1665 1135 1744 decuit,
1163 1664 1301 1742 afflixit,

354 1768 565 1848 imperatori,
587 1766 681 1831 acsi
703 1767 765 1830 bos
788 1772 880 1830 esset
901 1765 958 1830 vel
980 1766 1109 1843 asinus,
1135 1763 1303 1840 vendidit,

354 1867 415 1950 qni
446 1865 665 1948 postmodum
695 1866 797 1929 ambo
824 1884 970 1947 regnum
992 1865 1066 1950 ejus
1094 1864 1304 1930 intolerabili

352 1965 600 2048 redemptionis
615 1964 736 2028 debito
755 1965 1002 2030 contriverunt.
1054 1964 1130 2047 Ipsi
1151 1962 1305 2079 insuper,
1394 1959 1399 1965 ’

356 2084 379 2128 a
403 2063 609 2129 Christianae
641 2061 721 2127 fidei
754 2062 889 2146 legibus
923 2083 993 2128 non
1024 2063 1141 2142 alieni,
1171 2063 1208 2127 in
1242 2063 1306 2127 tali

358 2183 442 2228 casu
460 2164 537 2256 regi
566 2163 707 2227 detento
714 2163 893 2246 graviora
920 2169 1150 2228 exercuerunt
1172 2161 1306 2247 judicia

357 2282 462 2345 quam
484 2264 559 2345 ipse
562 2248 788 2326 Salaadinns
810 2259 952 2339 faceret,
969 2263 1000 2326 si
1022 2263 1059 2326 in
1074 2253 1266 2327 manibus
1256 2283 1306 2345 ip

358 2364 431 2426 sius
458 2382 520 2445 per
549 2361 660 2425 simile
692 2347 920 2426 infortunium
947 2361 1152 2443 incidisset;
1186 2370 1308 2425 contra

356 2481 459 2543 quem
480 2460 572 2524 idem'
586 2480 650 2524 rex
666 2480 689 2524 a
703 2461 830 2525 finibus
845 2469 960 2539 terrae,
979 2461 1100 2525 relicto
1117 2480 1225 2543 regno
1242 2480 1308 2524 nu·

357 2580 420 2643 per
441 2559 582 2642 adepto,
601 2560 723 2623 relicta
745 2559 871 2643 patria,
895 2560 1097 2644 parentibus
1118 2567 1153 2624 et
1174 2558 1309 2638 amicis,

358 2658 584 2722 dimicaturus
613 2659 780 2724 ascendit.
833 2659 944 2725 Sciret
965 2659 1111 2724 forsitan
1132 2659 1225 2741 regis
1248 2679 1309 2741 ge-

357 2758 541 2822 nerositati
570 2757 672 2821 simul
697 2766 732 2823 et
754 2757 920 2841 probitati
946 2758 1021 2823 sive
1050 2757 1224 2843 majestati
1256 2760 1309 2822 ni-

355 2857 484 2920 mirum
506 2856 651 2934 deferre,
683 2858 739 2921 cui
764 2858 825 2921 illa
852 2877 937 2940 gens
961 2859 1110 2922 barbara
1139 2866 1175 2922 et
1200 2859 1311 2923 cervi-

360 2975 444 3020 cosa
464 2955 596 3019 deleme
614 2956 868 3036 nescivit;·sed
890 2957 1038 3022 fortasse
1060 2957 1127 3021 boc
1142 2955 1312 3036 fecerunt,

360 3061 400 3118 ιιι
420 3054 487 3118 sibi
513 3055 604 3120 tanti
625 3056 718 3137 regis
745 3057 861 3138 captio
887 3076 950 3140 pro
976 3056 1142 3120 laudabili
1164 3056 1312 3121 victoria

359 3154 601 3236 imputaretur,
626 3174 706 3219 cum
734 3173 911 3237 nunquam
939 3156 1053 3237 ipsum
1081 3155 1173 3220 bello
1204 3175 1312 3238 appe-

361 3259 434 3316 tere
464 3253 777 3336 praesumpsissent,
809 3255 839 3318 si
867 3254 1032 3319 bellicoso
1060 3274 1123 3319 suo
1156 3256 1311 3320 exercitu

361 3351 513 3416 vallatus
534 3352 668 3416 fuisset.
714 3353 749 3417 N
752 3373 791 3417 oe
811 3353 877 3417 sibi
899 3354 990 3435 regis
1007 3352 1233 3438 dejectionem
1249 3375 1312 3419 ex·

361 3450 516 3514 istiment
544 3451 721 3533 imputari,
749 3451 812 3515 sod
842 3452 970 3517 divinae
992 3454 1109 3534 potius
1132 3453 1313 3537 dispensa·

363 3548 461 3625 tioni,
487 3548 530 3612 ad
553 3550 654 3634 cujus
682 3557 803 3614 nutum
826 3558 904 3615 rota
926 3551 1030 3615 etiam
1051 3552 1201 3616 fortunae
1222 3552 1314 3617 bunc

363 3647 524 3712 humiliat
547 3656 583 3713 et
612 3648 703 3714 bunc
728 3650 876 3728 exaltat,
901 3649 992 3716 bunc
1017 3650 1136 3734 dejicit
1159 3657 1195 3714 et
1223 3651 1315 3716 bunc

364 3745 506 3812 attollit.
558 3747 681 3813 Movet
697 3754 867 3830 praeterea
885 3768 953 3813 non
971 3750 1190 3814 mediocriter
1206 3751 1315 3814 domi·-

363 3864 446 3908 num
470 3853 625 3910 nostrum
649 3867 778 3929 regem,
798 3849 903 3929 quod,
929 3849 994 3911 snb
1016 3867 1102 3930 pace
1122 3856 1158 3913 et
1178 3857 1316 3931 protec-

398 4019 466 4070 ¹Rex
474 4019 637 4089 libhardus]
649 4014 826 4086 'l'betext3n'n-
852 4013 1209 4077 Baroniuslortbisnccount
1223 4024 1319 4077 Itdoes

362 4090 408 4138 der
419 4091 461 4140 the
475 4106 545 4139 name
561 4092 590 4139 os
603 4093 728 4142 Mattbew
740 4095 827 4154 Paris,
851 4100 894 4143 not
905 4109 1001 4156 appear
1014 4096 1041 4144 in
1057 4095 1216 4158 Newburgb,
1230 4096 1316 4145 Hove-

364 4159 386 4206 is
402 4160 443 4209 the
463 4161 521 4220 only
537 4161 664 4222 authority
680 4163 772 4222 quoted
792 4164 824 4224 by
851 4165 910 4224 den,
923 4164 1025 4226 Diceto,
1036 4179 1064 4213 or
1076 4165 1222 4226 Brompton,
1232 4169 1282 4214 etc.
