2858 4876
175 621 245 670 begea

334 378 404 446 208
595 395 730 445 aecum
753 395 801 443 nu
824 394 1034 444 wuneovnn

174 539 298 661 tepent}
335 556 468 641 primns
498 571 624 639 parcns
654 554 790 638 generis
820 553 961 618 hnmani
987 551 1114 633 Adam,
1141 553 1200 638 qui
1226 576 1289 639 per

175 671 277 711 rerem.
336 657 472 722 oculum
506 656 673 720 ridentem
707 655 818 719 innuit
846 654 1016 732 laetitiam,
1046 674 1150 737 qnam
1184 655 1288 721 babet

336 757 379 821 de
400 757 548 821 tiliorum
579 775 720 820 suorum
750 755 995 820 salvandorum
1023 754 1189 820 ineffabili
1211 756 1288 838 glo-

335 856 538 933 rificatione,
569 863 605 921 et
632 874 695 938 per
726 855 831 918 alium
859 853 1131 940 lachrymantem
1155 855 1288 920 denun-

336 957 402 1022 tiat
428 955 619 1032 tristitiam,
651 974 756 1039 qnam
787 954 892 1019 babet
913 953 956 1019 de
982 954 1198 1036 quorundam
1221 954 1289 1019 fili-

336 1076 433 1121 orum
459 1075 599 1120 snorum
626 1055 866 1139 reprobatione
891 1061 926 1117 ct
947 1053 1045 1137 justo
1072 1055 1141 1119 Dei
1155 1054 1288 1140 jndicio

336 1156 620 1221 damnandorum.
672 1155 927 1220 Vestimentum
957 1159 1027 1238 quo
1055 1155 1198 1237 tegitur,
1226 1156 1288 1220 sed

336 1256 488 1321 nondum
509 1275 553 1320 cx
572 1262 660 1333 teto,
683 1255 775 1320 stola
796 1262 851 1320 est
864 1254 1135 1319 immortalitatis
1158 1263 1193 1320 et
1209 1276 1288 1321 ves·

336 1357 382 1421 tis
409 1356 541 1438 gloriae,
565 1373 635 1439 qua
665 1355 701 1418 in
729 1355 894 1438 primaria
920 1355 1206 1437 praevaricatione
1235 1356 1290 1420 fu-

336 1463 412 1521 erat
438 1456 634 1540 spoliatus3
669 1474 748 1519 nam
783 1458 827 1520 ab
855 1452 945 1519 Abel
974 1454 1085 1540 justo,
1112 1455 1287 1534 filiosuo,

337 1576 447 1641 usque
468 1575 571 1633 nnuc,
593 1557 700 1639 eoepit
723 1554 811 1621 bane
833 1562 966 1621 restem
994 1570 1197 1639 recuperare
1224 1576 1289 1640 per

337 1664 446 1722 totam
472 1656 621 1721 filiorum
652 1675 792 1721 suorum
817 1655 993 1741 justorum
1022 1656 1287 1734 successionem,

336 1765 384 1835 et,
411 1759 503 1822 sient
529 1756 635 1822 variis
659 1756 846 1822 virtutibus
873 1756 1070 1821 enituerunt
1095 1756 1207 1835 electi,
1236 1758 1287 1821 ita

336 1857 411 1922 baec
437 1857 546 1924 vestis
578 1857 692 1922 colere
720 1858 820 1923 vario
847 1857 1066 1940 picturatur3
1097 1876 1176 1921 eum
1202 1876 1287 1923 vero

334 1958 528 2041 completus
564 1955 667 2021 suerit
701 1957 889 2022 electorum
926 1975 1088 2021 numerus
1126 1956 1286 2034 filiorum,

335 2065 420 2123 tunc
436 2056 551 2122 Adam
569 2077 614 2121 ex
630 2064 705 2122 teto
722 2057 814 2122 stela
828 2058 1097 2129 immortalitatis
1112 2066 1148 2123 et
1164 2058 1285 2141 gloriae

334 2160 515 2237 vestietur,
532 2159 633 2223 etsie
650 2158 798 2223 mundus
816 2156 918 2222 finem
933 2155 1120 2223 sortietur?

424 2335 468 2400 Ut
484 2333 536 2400 eir
552 2333 606 2400 tlte
622 2334 748 2400 edacem
763 2335 1035 2433 attemperatum
1049 2333 1188 2398 sederit.

401 2456 457 2521 Ex
479 2457 545 2521 boc
562 2457 702 2522 tandem
726 2458 804 2523 loco
826 2458 1004 2543 paululum
1027 2458 1286 2541 progredientes

334 2564 565 2639 pervenerunt
579 2557 623 2622 ad
645 2565 780 2641 portam
797 2558 970 2641 quandam
987 2558 1284 2643 speciosissimam,

335 2657 479 2738 gemmis
506 2664 665 2723 ornatam
691 2665 726 2722 et
746 2657 919 2742 lapidibus
948 2659 1134 2743 pretiosis;
1165 2680 1287 2724 murus

333 2775 543 2843 pergyrum
567 2759 667 2840 qnasi
696 2777 822 2823 aureus
847 2759 1024 2825 rutilabat.
1091 2759 1215 2824 Statim
1244 2766 1285 2826 ut

334 2864 472 2940 portam
492 2857 722 2936 intraverunt,
744 2858 907 2943 apparuit
923 2859 1089 2943 templum
1109 2860 1284 2943 quoddam

335 2975 476 3022 aureum
512 2958 624 3023 multo
659 2958 934 3040 magnificentius
968 2960 1086 3042 priori,
1121 2961 1286 3024 inomni

334 3056 602 3139 pulchritudine,
640 3057 825 3123 suavitatis
860 3057 1039 3124 dulcedine
1075 3066 1111 3124 et
1146 3060 1284 3124 luminis

334 3157 548 3222 coruscantis
581 3157 775 3241 splendore,
806 3158 859 3223 ita
896 3166 936 3223 ut
971 3159 1049 3224 loca
1080 3160 1176 3243 prius
1207 3159 1284 3226 visa

334 3256 463 3320 nullius
492 3258 705 3322 amoenitatis
738 3264 982 3342 reputarentur
1012 3258 1056 3322 ed
1085 3260 1187 3323 istius
1217 3260 1286 3325 leci

333 3363 552 3439 respectum
585 3377 730 3442 cumque
763 3358 928 3440 templum
961 3359 1027 3423 boc
1056 3358 1284 3439 introiissent,

333 3457 516 3539 conspexit
543 3476 565 3520 a
589 3457 697 3522 latere
726 3457 908 3523 aediculam
935 3458 1110 3540 quandam
1137 3459 1286 3526 mirabili

334 3554 457 3620 decore
482 3556 721 3639 refulgentem,
743 3557 779 3620 in
804 3577 874 3641 qne
903 3558 1101 3623 residebant
1121 3564 1193 3625 tres
1213 3561 1285 3624 vir·

333 3654 434 3736 ginee
458 3654 643 3722 inedicibili
668 3656 922 3740 pulchritudine
948 3665 1197 3737 coruscantes3
1230 3659 1285 3725 bae

334 3762 450 3819 autem
477 3764 588 3834 erant,
614 3757 704 3822 sient
735 3759 778 3821 ab
810 3757 1019 3841 archangelo
1048 3758 1192 3824 edoctus
1218 3768 1284 3839 est,

335 3862 459 3919 sancta
487 3856 688 3936 catherina,
716 3865 839 3923 sancta
869 3858 1072 3941 Margareta
1100 3866 1134 3923 et
1162 3868 1287 3926 sancta

334 3954 472 4022 Ositba.
511 3955 666 4035 Quarum
684 3957 971 4041 pulchritudinem
988 3978 1065 4023 cum
1083 3951 1286 4026 admirando

333 4055 637 4139 contemplaretur,
657 4064 798 4122 sanctus
823 4057 974 4123 Michael
1000 4061 1050 4122 ait
1074 4065 1196 4124 sancto
1217 4059 1241 4125 J
1244 4078 1284 4124 u·

331 4155 437 4234 liano,
459 4155 603 4221 ‘Reduc
619 4157 823 4221 festinanter
839 4159 882 4222 ad
901 4177 1027 4242 corpus
1049 4178 1150 4222 suum
1171 4159 1284 4225 virum
