2858 4876
176 587 232 628 Μ).
243 585 300 624 1190.

109 1966 112 1971 ’
176 1992 325 2044 Eugamium»

337 393 382 458 18
505 436 508 441 -
596 407 730 455 uocant
754 407 801 454 nn
819 405 1026 458 wunnovsu

339 567 431 631 modi
448 565 670 650 impetravit;
691 563 872 628 ‘Clemens
888 562 1083 644 episcopus,
1098 566 1133 624 et
1150 562 1297 623 caetera.

338 667 452 733 Juxta
469 665 737 730 commendabile
753 664 959 728 desiderium
977 660 1145 726 carissimi
1161 661 1197 723 iu
1215 659 1297 722 Do·

339 769 431 832 mino
448 767 511 830 filii
526 767 636 831 nostri
654 764 833 841 Richardi,
854 763 999 828 illustris
1017 760 1211 843 Anglorum
1233 779 1295 822 re·

339 869 405 950 gis,
432 867 642 932 fraternitati
663 874 733 930 tuae
758 859 958 947 ¹legationis
981 862 1129 927 officium
1153 863 1189 925 iu
1213 867 1295 925 tota

338 967 469 1051 Anglia
488 975 524 1032 ct
542 967 684 1043 Wallia‚
706 972 778 1030 tam
798 964 1161 1049 per‘Cantuariensem
1184 981 1295 1045 quam

338 1089 401 1152 per
437 1069 690 1132 Eboracensem
721 1067 1065 1149 archiepiscopatum,
1091 1072 1127 1129 et
1154 1064 1191 1127 in
1216 1062 1291 1126 illis

336 1168 520 1233 -Hiberniae
547 1169 716 1250 partibus,
740 1168 776 1231 in
800 1167 924 1250 quibus
941 1165 1066 1230 nobilis
1082 1165 1137 1229 vir
1153 1163 1176 1227 J
1179 1163 1291 1228 ohan-

339 1289 413 1347 nes,
428 1288 542 1334 comes
562 1268 761 1345 Moretonii,
782 1268 889 1332 frater
907 1268 1016 1351 ipsius
1041 1267 1144 1349 regis,
1169 1271 1290 1348 potes-

338 1378 445 1435 tatem
467 1370 573 1434 habet
594 1377 629 1434 et
650 1367 850 1447 dominium,
865 1371 1072 1432 auctoritate
1093 1365 1290 1449 apostolica

337 1471 500 1535 duximus
524 1469 816 1536 committendum.
869 1470 999 1534 Datum
1015 1469 1051 1553 ij.
1071 1467 1094 1531 J
1097 1468 1181 1545 unii,
1199 1487 1291 1550 pon-

338 1571 491 1639 tificatus
507 1571 617 1635 nostri
631 1591 723 1635 anuo
746 1571 874 1635 tertio.’

356 1749 389 1815 U
386 1760 399 1813 t
414 1747 648 1826 Ocntaarvccst's
662 1746 907 1833 archiepiscopus
920 1747 1082 1832 Hupoacm
1095 1743 1271 1827 episcopum

725 1847 893 1933 repondit.

389 1973 520 2039 Eodem
546 1993 638 2036 anno
663 1965 917 2049 ²Baldewinus‚
944 1971 1205 2035 Cantuariensis
1232 1990 1294 2050 ar,-

175 2043 310 2093 ofcoventry
382 2075 389 2089 ,

175 2095 302 2145 suspended.
310 2072 316 2092 ’

334 2074 587 2158 chlepiscopus,
619 2073 830 2156 [Richards]
861 2072 1095 2137 Loudoniensi
1122 2073 1292 2156 episcopo

335 2177 473 2260 scripsit
492 2176 529 2239 in
551 2175 625 2238 haec
644 2175 772 2254 verba3
798 2173 910 2238 ‘Cum
932 2192 1084 2237 essemus
1104 2174 1195 2256 apud
1215 2173 1294 2238 Ro-

335 2276 549 2358 thomagum,
581 2274 770 2357 Hugonem
798 2275 938 2341 fratrem
970 2281 1125 2338 nostrum
1151 2273 1293 2356 Caven-

336 2384 498 2454 mensem,
517 2377 576 2459 qni
596 2383 719 2439 contra
737 2375 942 2457 dignitatem
966 2375 1172 2457 episcopalis
1193 2375 1291 2440 ordi·

336 2478 390 2542 nis
408 2476 557 2541 officium
579 2476 644 2539 sibi
666 2476 925 2541 vicecomitatus
946 2484 1187 2558 usurpaverat,
1206 2496 1289 2541 sus·

336 2577 516 2660 pendimus
533 2596 555 2640 a
569 2576 718 2654 divinis;
743 2576 801 2659 qui
823 2576 1042 2660 postmodum
1063 2578 1162 2641 nobis
1181 2577 1289 2642 firmi·

331 2684 391 2740 -ter
406 2677 575 2760 promisit,
590 2676 680 2758 quod
697 2677 957 2742 vicecomitatus
971 2697 1089 2742 curam
1105 2678 1142 2742 in
1159 2698 1287 2744 manus

336 2778 429 2859 regis
453 2770 671 2860 ³resignabit,
702 2797 765 2842 nec
792 2797 830 2842 se
858 2778 900 2842 de
928 2787 1054 2843 caetero
1087 2779 1290 2863 hujusmodi

337 2877 457 2941 officiis
482 2879 699 2954 immiscebit,
725 2879 817 2942 unde
838 2880 975 2943 anobis
997 2880 1200 2944 beneficium
1223 2883 1289 2946 ab·

336 2978 520 3043 solutionis
552 2979 754 3062 promeruit.
806 2979 979 3044 Mittimus
1009 2980 1117 3062 igitur
1145 2981 1190 3044 ad
1222 3002 1290 3048 vos

337 3079 483 3143 eundem
501 3081 700 3163 episcopum
724 3098 802 3143 cum
824 3080 933 3144 literis
955 3082 1094 3159 nostris,
1117 3084 1288 3147 mandan-

337 3186 390 3242 tes
406 3187 589 3263 quatcnuS,
600 3181 699 3243 vobis
718 3180 863 3244 Rofensi
878 3183 1039 3264 episcopo
1055 3202 1133 3246 cum
1150 3184 1287 3250 clericis

336 3280 464 3343 uostris
495 3279 671 3363 adjuncto,
698 3280 806 3344 eidem
834 3289 962 3344 certum
992 3282 1082 3346 diem
1110 3291 1144 3347 ct
1171 3284 1288 3348 locum

336 3379 501 3443 statuatis
531 3386 566 3442 et
596 3399 701 3462 super
727 3381 894 3458 articulis,
916 3402 979 3463 pro
997 3383 1123 3464 quibus
1143 3403 1165 3447 a
1184 3385 1287 3450 nobis

336 3498 523 3562 suspensus
547 3478 624 3556 fuit,
643 3480 737 3562 quod
754 3482 889 3565 justum
912 3481 1015 3546 fuerit
1037 3488 1190 3548 statuere
1214 3506 1286 3550 non

336 3578 528 3644 omittatis!

372 3775 531 3842 ¹Legutioair
549 3781 673 3847 minum]
693 3783 741 3832 See
758 3783 799 3832 his
823 3785 909 3845 bytho
920 3785 1010 3846 bishop
1021 3785 1051 3834 of
1064 3786 1188 3850 Coventry
1200 3794 1226 3838 to
1243 3791 1290 3842 the

336 3849 390 3898 first
400 3855 454 3899 acts
470 3865 501 3900 as
516 3851 699 3901 chancellorin
717 3854 799 3902 Bene·
824 3869 901 3918 same,
912 3855 937 3903 in
950 3856 1051 3920 niceto,
1062 3858 1110 3908 col.
1122 3863 1180 3922 652,
1191 3874 1240 3925 sep.

337 3919 399 3968 dict.
410 3936 437 3981 p.
447 3925 494 3969 685
504 3936 511 3981 ς
528 3924 578 3970 and
590 3923 682 3984 below,
692 3938 719 3985 p.
729 3927 770 3974 35.

371 3986 547 4040 'Baldcwiaus
556 3994 741 4043 cantuariensis
754 4029 797 4045 ...
856 3992 1053 4057 ³Recuperabit]
1080 3998 1163 4048 ‘inira
1179 4001 1290 4061 quinde-

336 4059 458 4125 scripsit]
475 4061 522 4112 See
529 4063 580 4112 this
591 4065 674 4128 letter,
682 4064 733 4114 and
744 4065 798 4114 that
822 4066 871 4114 cim
883 4065 938 4115 dies
949 4072 1006 4127 post
1017 4067 1119 4118 Pascha
1125 4065 1141 4130 ;’
1158 4071 1262 4124 Diceto.
