2858 4876
312 395 377 458 330
566 407 700 455 uocum
728 407 776 453 nn
801 405 1007 454 wnnoovna

149 586 204 627 un.
216 588 272 627 uu.
312 576 458 651 quenter
477 569 678 651 accepisset,
696 574 744 644 et,
763 565 856 648 quod
876 565 919 629 ad
941 584 1000 629 eos
1016 564 1135 629 venire
1151 563 1262 628 distu-

312 669 402 745 lerit,
424 689 492 732 non
511 668 728 732 mediocriter
746 667 946 747 increpatus
963 665 1099 742 suisset,
1121 665 1157 728 in
1173 664 1264 728 sesto

312 770 424 833 sancti
448 768 630 832 Michaelis
651 774 804 830 castrum
822 765 865 829 de
887 765 1070 841 Bealvero,
1090 765 1185 827 omni
1204 783 1265 845 ge-

313 888 393 931 nere
413 869 615 933 victualium
637 875 672 930 et
690 886 863 930 armorum
883 867 970 929 satis
995 883 1167 947 superque
1188 883 1263 926 mu·

312 969 432 1044 nitum,
453 968 605 1032 fidelium
632 986 773 1032 suorum
796 965 962 1029 custodiae
982 965 1184 1047 deputavit3
1207 963 1264 1027 de-

311 1067 391 1131 inde
423 1067 623 1132 Londonias
651 1067 794 1131 veniens
820 1085 898 1129 cum
931 1064 1065 1146 ingenti
1094 1065 1263 1128 baronum

311 1161 450 1231 laetitia¹
475 1174 657 1250 susceptus
679 1173 744 1244 est,
771 1165 843 1248 qui,
868 1165 987 1229 statim
1010 1164 1262 1228 communicato

311 1267 467 1343 consilio,
484 1267 577 1330 viam
601 1266 675 1348 regi
693 1266 904 1348 praecludere
927 1265 1135 1346 cogitantes,
1154 1284 1197 1327 ne
1217 1284 1263 1327 ex

311 1374 411 1448 parte
435 1367 553 1449 aliqua
580 1368 612 1430 ei
637 1372 773 1448 pateret
799 1365 915 1429 aditus
943 1364 1142 1429 Londonias
1170 1365 1262 1427 obsi·

312 1467 426 1542 dendi,
457 1485 596 1530 manum
625 1466 775 1530 validam
806 1465 997 1546 elegerunt,
1030 1465 1086 1527 cui
1116 1464 1263 1546 praefici·

311 1573 409 1628 entes
427 1565 556 1629 dictum
577 1566 790 1629 Willelmum
811 1565 854 1628 de
872 1563 1053 1641 Albaueio,
1070 1571 1192 1644 utpote
1210 1564 1263 1627 vi-

311 1683 387 1727 rum
413 1666 528 1729 auimo
558 1673 736 1729 strenuum
766 1672 802 1728 et
828 1666 863 1729 in
888 1667 990 1728 rebus
1016 1663 1147 1727 bellicis
1176 1664 1262 1727 satis

312 1773 505 1846 expertum,
526 1784 585 1828 eos
607 1766 649 1828 ad
672 1765 910 1847 occupandum
934 1763 1096 1827 Roffense
1118 1763 1262 1827 munici-

311 1866 406 1946 pium
429 1866 655 1929 destinarunt.
709 1865 796 1927 Erat
814 1872 930 1928 autem
953 1864 1057 1945 paulo
1080 1871 1162 1926 ante
1185 1882 1262 1927 cas·

312 1970 403 2027 trum
422 1964 507 2028 illud
529 1984 550 2028 a
566 1984 647 2046 rege
669 1964 928 2046 archiepiscopo
947 1963 1153 2027 fiducialiter
1168 1984 1262 2028 com-

311 2064 466 2141 missum,
502 2072 729 2128 veruntamen
767 2083 837 2145 qua
879 2064 1091 2127 conscientia
1132 2064 1261 2141 nescio,

312 2163 484 2227 Dominus
517 2165 595 2242 scit,
630 2164 715 2227 illud
752 2163 857 2245 regiis
891 2162 1073 2227 tradiderit
1100 2163 1261 2228 inimicis.

313 2262 417 2341 Quod
452 2283 529 2327 cum
558 2264 704 2327 fuissent
731 2263 890 2344 ingressi,
915 2264 1122 2327 invenerunt
1147 2263 1262 2327 locum

312 2383 382 2427 non
400 2364 511 2427 solum
531 2365 635 2427 armis
654 2371 689 2427 et
706 2363 892 2440 alimentis,
907 2383 1026 2427 verum
1044 2364 1149 2427 etiam
1168 2365 1263 2426 omni

310 2482 436 2545 genere
462 2466 642 2540 bonorum,
671 2471 799 2546 praeter
822 2463 883 2525 illa
909 2481 986 2545 quae
1015 2482 1131 2527 secum
1160 2461 1262 2527 detu-

310 2563 435 2641 lerant,
460 2564 677 2641 destitutum,
699 2563 790 2626 unde
812 2562 911 2626 multi
936 2563 1067 2626 nobiles
1088 2563 1262 2644 poeniten-

311 2663 360 2726 tia
381 2662 476 2726 ducti
496 2672 647 2727 castrum
669 2663 826 2727 deserere
847 2663 1068 2744 cogitabant3
1092 2663 1165 2740 sed,
1185 2662 1263 2726 hor·

310 2769 408 2825 tante
426 2761 603 2825 Willelmo
628 2763 671 2825 de
689 2762 858 2827 Albeneio
882 2770 918 2826 et
935 2762 1068 2827 animos
1090 2763 1262 2826 sociorum

310 2861 353 2924 ad
377 2861 525 2943 virtutes
551 2881 685 2944 semper
711 2863 899 2939 animante,
923 2862 1081 2926 militiam
1106 2863 1263 2927 deserere

309 2980 378 3023 nou
402 2960 504 3024 licere
530 2960 678 3039 dicebat,
705 2982 761 3040 ne,
786 2963 877 3045 qnod
905 2963 954 3025 eis
975 2981 1146 3025 summum
1169 2971 1262 3027 esset

307 3061 543 3150 opprobrium,
554 3069 707 3144 tempore
723 3063 982 3126 nominarentur
999 3061 1131 3126 militiae
1147 3062 1260 3126 deser-

309 3167 413 3223 tores.
466 3161 590 3244 Sicque
608 3181 740 3239 omnes,
758 3162 858 3226 dictis
876 3161 951 3245 ejus
967 3160 1113 3226 viriliter
1129 3162 1173 3225 ad
1195 3162 1260 3225 mi-

308 3259 418 3322 litiam
445 3263 600 3338 animati,
620 3262 655 3324 in
678 3269 832 3326 castrum
854 3261 940 3326 illud
960 3281 1002 3324 ea
1027 3261 1103 3325 sola
1124 3263 1260 3326 victua-

308 3359 367 3436 lia,
384 3379 461 3441 quae
484 3361 520 3423 iu
537 3363 620 3426 villa
637 3361 793 3426 Roffensi
811 3363 960 3445 reperire
977 3368 1150 3444 poterant,
1166 3361 1260 3426 intu-

307 3459 442 3539 leruut3
476 3468 522 3537 et,
547 3482 624 3524 cum
656 3471 773 3526 essent
799 3462 925 3526 milites
958 3482 1100 3525 numero
1130 3462 1260 3543 septies

307 3557 432 3641 viginti
465 3580 543 3623 cum
570 3569 646 3625 tota
680 3563 820 3644 sequela
851 3581 926 3638 sua,
953 3581 1022 3625 non
1052 3563 1260 3645 suppetebat

306 3659 356 3720 eis
381 3661 545 3743 temporis
576 3661 726 3743 spatium
754 3682 822 3744 quo
851 3668 995 3744 possent
1020 3662 1075 3725 vel
1104 3661 1258 3744 praedam

306 3757 341 3819 in
367 3761 546 3839 provincia
573 3781 676 3843 agere
699 3761 754 3826 vel
777 3763 812 3824 in
835 3761 953 3844 aliquo
979 3760 1045 3824 sibi
1068 3761 1257 3825 munimine

306 3857 497 3939 providere.

548 4083 554 4114 ¹
567 4086 690 4150 notitia]
709 4087 752 4134 ‘et
762 4079 926 4134 exultatione’
937 4085 963 4133 in
977 4085 1007 4134 0.
