<?xml version="1.0" encoding="UTF-8"?>
<!DOCTYPE html PUBLIC "-//W3C//DTD XHTML 1.0 Transitional//EN"
    "http://www.w3.org/TR/xhtml1/DTD/xhtml1-transitional.dtd">
<html xmlns="http://www.w3.org/1999/xhtml" xml:lang="en" lang="en">
 <head>
  <title>
</title>
<meta http-equiv="Content-Type" content="text/html;charset=utf-8" />
  <meta name='ocr-system' content='tesseract 3.04.00' />
  <meta name='ocr-capabilities' content='ocr_page ocr_carea ocr_par ocr_line ocrx_word'/>
</head>
<body>
  <div class='ocr_page' id='page_1' title='image "./rogeridewendove06rogegoog_0116.png"; bbox 0 0 2858 4876; ppageno 0'>
   <div class='ocr_carea' id='block_1_1' title="bbox 404 395 1095 460">
    <p class='ocr_par' dir='ltr' id='par_1_1' title="bbox 404 395 1095 460">
     <span class='ocr_line' id='line_1_1' title="bbox 404 395 1095 460; baseline 0.009 -7"><span class='ocrx_word' id='word_1_1' title='bbox 404 405 544 454; x_wconf 81' lang='lat' dir='ltr'><strong>rnoans</strong></span> <span class='ocrx_word' id='word_1_2' title='bbox 567 407 839 460; x_wconf 74' lang='lat' dir='ltr'><strong>nrsroarinun</strong></span> <span class='ocrx_word' id='word_1_3' title='bbox 1030 395 1095 459; x_wconf 77' lang='lat'><strong>107</strong></span> 
     </span>
    </p>
   </div>
   <div class='ocr_carea' id='block_1_2' title="bbox 46 559 1263 4231">
    <p class='ocr_par' dir='ltr' id='par_1_2' title="bbox 144 559 1263 728">
     <span class='ocr_line' id='line_1_2' title="bbox 147 559 1230 682; baseline -0.002 -60"><span class='ocrx_word' id='word_1_4' title='bbox 147 565 225 636; x_wconf 81' lang='lat' dir='ltr'><strong>tur3</strong></span> <span class='ocrx_word' id='word_1_5' title='bbox 259 559 418 624; x_wconf 89' lang='lat' dir='ltr'><strong>omnibus</strong></span> <span class='ocrx_word' id='word_1_6' title='bbox 446 581 541 640; x_wconf 89' lang='lat' dir='ltr'><strong>vero,</strong></span> <span class='ocrx_word' id='word_1_7' title='bbox 566 570 697 645; x_wconf 91' lang='lat' dir='ltr'><strong>quanto</strong></span> <span class='ocrx_word' id='word_1_8' title='bbox 725 562 804 645; x_wconf 89' lang='lat' dir='ltr'><strong>plus</strong></span> <span class='ocrx_word' id='word_1_9' title='bbox 827 562 871 626; x_wconf 91' lang='lat' dir='ltr'><strong>ad</strong></span> <span class='ocrx_word' id='word_1_10' title='bbox 900 563 1002 626; x_wconf 87' lang='lat' dir='ltr'><strong>finem</strong></span> <span class='ocrx_word' id='word_1_11' title='bbox 1029 563 1097 627; x_wconf 90' lang='lat' dir='ltr'><strong>laci</strong></span> <span class='ocrx_word' id='word_1_12' title='bbox 1110 582 1163 622; x_wconf 80' lang='lat' dir='ltr'><strong>sn.</strong></span> <span class='ocrx_word' id='word_1_13' title='bbox 1108 583 1230 682; x_wconf 38' lang='lat' dir='ltr'><strong>wipo.</strong></span> 
     </span>
     <span class='ocr_line' id='line_1_3' title="bbox 144 633 1263 739; baseline -0.002 -18"><span class='ocrx_word' id='word_1_14' title='bbox 144 657 237 722; x_wconf 90' lang='lat' dir='ltr'><strong>illius</strong></span> <span class='ocrx_word' id='word_1_15' title='bbox 263 659 486 739; x_wconf 80' lang='lat' dir='ltr'><strong>accedebant,</strong></span> <span class='ocrx_word' id='word_1_16' title='bbox 512 681 553 726; x_wconf 91' lang='lat' dir='ltr'><strong>eo</strong></span> <span class='ocrx_word' id='word_1_17' title='bbox 581 662 697 727; x_wconf 91' lang='lat' dir='ltr'><strong>mitior</strong></span> <span class='ocrx_word' id='word_1_18' title='bbox 725 663 900 727; x_wconf 87' lang='lat' dir='ltr'><strong>cruciatus</strong></span> <span class='ocrx_word' id='word_1_19' title='bbox 930 665 1096 739; x_wconf 88' lang='lat' dir='ltr'><strong>restabat,</strong></span> <span class='ocrx_word' id='word_1_20' title='bbox 1108 683 1155 723; x_wconf 66' lang='lat' dir='ltr'><strong>oar</strong></span> <span class='ocrx_word' id='word_1_21' title='bbox 1108 633 1263 721; x_wconf 61' lang='lat' dir='ltr'><strong>1‘⁸⁸‘1aonir</strong></span> 
     </span>
    </p>

    <p class='ocr_par' dir='ltr' id='par_1_3' title="bbox 46 709 1223 1839">
     <span class='ocr_line' id='line_1_4' title="bbox 46 709 1223 847; baseline 0.004 -26"><span class='ocrx_word' id='word_1_22' title='bbox 46 842 50 847; x_wconf 27' lang='grc' dir='ltr'>Ι</span> <span class='ocrx_word' id='word_1_23' title='bbox 146 757 417 827; x_wconf 77' lang='lat' dir='ltr'><strong>crudelissimam</strong></span> <span class='ocrx_word' id='word_1_24' title='bbox 444 761 536 825; x_wconf 90' lang='lat' dir='ltr'><strong>enim</strong></span> <span class='ocrx_word' id='word_1_25' title='bbox 562 762 598 824; x_wconf 92' lang='lat' dir='ltr'><strong>in</strong></span> <span class='ocrx_word' id='word_1_26' title='bbox 623 753 792 846; x_wconf 86' lang='lat' dir='ltr'><strong>principio</strong></span> <span class='ocrx_word' id='word_1_27' title='bbox 820 763 998 827; x_wconf 90' lang='lat' dir='ltr'><strong>constituti</strong></span> <span class='ocrx_word' id='word_1_28' title='bbox 1021 781 1096 844; x_wconf 88' lang='lat' dir='ltr'><strong>poe·</strong></span> <span class='ocrx_word' id='word_1_29' title='bbox 1085 709 1223 775; x_wconf 50' lang='lat' dir='ltr'><strong>EQ</strong></span> 
     </span>
     <span class='ocr_line' id='line_1_5' title="bbox 146 859 1098 943; baseline 0.005 -22"><span class='ocrx_word' id='word_1_30' title='bbox 146 877 226 921; x_wconf 84' lang='lat' dir='ltr'><strong>narn</strong></span> <span class='ocrx_word' id='word_1_31' title='bbox 248 859 456 938; x_wconf 81' lang='lat' dir='ltr'><strong>sentiebant,</strong></span> <span class='ocrx_word' id='word_1_32' title='bbox 479 861 560 925; x_wconf 89' lang='lat' dir='ltr'><strong>licet</strong></span> <span class='ocrx_word' id='word_1_33' title='bbox 581 879 650 924; x_wconf 88' lang='lat' dir='ltr'><strong>non</strong></span> <span class='ocrx_word' id='word_1_34' title='bbox 676 880 795 925; x_wconf 89' lang='lat' dir='ltr'><strong>ornnes</strong></span> <span class='ocrx_word' id='word_1_35' title='bbox 817 881 893 925; x_wconf 88' lang='lat' dir='ltr'><strong>eam</strong></span> <span class='ocrx_word' id='word_1_36' title='bbox 917 861 1098 943; x_wconf 82' lang='lat' dir='ltr'><strong>aequaliter</strong></span> 
     </span>
     <span class='ocr_line' id='line_1_6' title="bbox 146 957 1097 1040; baseline 0.004 -19"><span class='ocrx_word' id='word_1_37' title='bbox 146 957 372 1040; x_wconf 85' lang='lat' dir='ltr'><strong>pertulissent</strong></span> <span class='ocrx_word' id='word_1_38' title='bbox 389 978 399 1040; x_wconf 89' lang='lat'>;</span> <span class='ocrx_word' id='word_1_39' title='bbox 429 960 604 1024; x_wconf 84' lang='lat' dir='ltr'><strong>levissima</strong></span> <span class='ocrx_word' id='word_1_40' title='bbox 625 960 693 1024; x_wconf 89' lang='lat' dir='ltr'><strong>loci</strong></span> <span class='ocrx_word' id='word_1_41' title='bbox 715 961 816 1025; x_wconf 90' lang='lat' dir='ltr'><strong>istius</strong></span> <span class='ocrx_word' id='word_1_42' title='bbox 838 967 1011 1025; x_wconf 86' lang='lat' dir='ltr'><strong>tormenta</strong></span> <span class='ocrx_word' id='word_1_43' title='bbox 1032 962 1097 1025; x_wconf 91' lang='lat' dir='ltr'><strong>im-</strong></span> 
     </span>
     <span class='ocr_line' id='line_1_7' title="bbox 147 1057 1097 1144; baseline 0.002 -24"><span class='ocrx_word' id='word_1_44' title='bbox 147 1057 304 1122; x_wconf 87' lang='lat' dir='ltr'><strong>maniora</strong></span> <span class='ocrx_word' id='word_1_45' title='bbox 323 1057 464 1124; x_wconf 84' lang='lat' dir='ltr'><strong>fuerunt</strong></span> <span class='ocrx_word' id='word_1_46' title='bbox 479 1078 584 1141; x_wconf 87' lang='lat' dir='ltr'><strong>quam</strong></span> <span class='ocrx_word' id='word_1_47' title='bbox 604 1059 672 1122; x_wconf 91' lang='lat' dir='ltr'><strong>loci</strong></span> <span class='ocrx_word' id='word_1_48' title='bbox 692 1060 850 1141; x_wconf 88' lang='lat' dir='ltr'><strong>superius</strong></span> <span class='ocrx_word' id='word_1_49' title='bbox 870 1061 1017 1144; x_wconf 84' lang='lat' dir='ltr'><strong>inspecti</strong></span> <span class='ocrx_word' id='word_1_50' title='bbox 1032 1061 1097 1123; x_wconf 93' lang='lat' dir='ltr'><strong>im·</strong></span> 
     </span>
     <span class='ocr_line' id='line_1_8' title="bbox 146 1156 1097 1242; baseline 0.002 -21"><span class='ocrx_word' id='word_1_51' title='bbox 146 1157 358 1222; x_wconf 81' lang='lat' dir='ltr'><strong>manissime.</strong></span> <span class='ocrx_word' id='word_1_52' title='bbox 399 1157 444 1222; x_wconf 90' lang='lat' dir='ltr'><strong>In</strong></span> <span class='ocrx_word' id='word_1_53' title='bbox 465 1156 531 1224; x_wconf 92' lang='lat' dir='ltr'><strong>hoc</strong></span> <span class='ocrx_word' id='word_1_54' title='bbox 547 1177 631 1222; x_wconf 87' lang='lat' dir='ltr'><strong>vero</strong></span> <span class='ocrx_word' id='word_1_55' title='bbox 648 1158 778 1241; x_wconf 88' lang='lat' dir='ltr'><strong>poenali</strong></span> <span class='ocrx_word' id='word_1_56' title='bbox 800 1158 877 1223; x_wconf 90' lang='lat' dir='ltr'><strong>loco</strong></span> <span class='ocrx_word' id='word_1_57' title='bbox 893 1160 1003 1224; x_wconf 91' lang='lat' dir='ltr'><strong>multo</strong></span> <span class='ocrx_word' id='word_1_58' title='bbox 1020 1160 1097 1242; x_wconf 90' lang='lat' dir='ltr'><strong>plu-</strong></span> 
     </span>
     <span class='ocr_line' id='line_1_9' title="bbox 147 1257 1098 1340; baseline 0.003 -21"><span class='ocrx_word' id='word_1_59' title='bbox 147 1274 202 1320; x_wconf 92' lang='lat' dir='ltr'><strong>res</strong></span> <span class='ocrx_word' id='word_1_60' title='bbox 223 1264 384 1321; x_wconf 88' lang='lat' dir='ltr'><strong>notorum</strong></span> <span class='ocrx_word' id='word_1_61' title='bbox 409 1276 562 1323; x_wconf 89' lang='lat' dir='ltr'><strong>meorum</strong></span> <span class='ocrx_word' id='word_1_62' title='bbox 583 1275 686 1340; x_wconf 92' lang='lat' dir='ltr'><strong>quam</strong></span> <span class='ocrx_word' id='word_1_63' title='bbox 711 1257 747 1321; x_wconf 93' lang='lat' dir='ltr'><strong>in</strong></span> <span class='ocrx_word' id='word_1_64' title='bbox 772 1259 974 1340; x_wconf 80' lang='lat' dir='ltr'><strong>purgatorio</strong></span> <span class='ocrx_word' id='word_1_65' title='bbox 996 1278 1098 1340; x_wconf 84' lang='lat' dir='ltr'><strong>supe·</strong></span> 
     </span>
     <span class='ocr_line' id='line_1_10' title="bbox 147 1355 1097 1441; baseline 0.003 -21"><span class='ocrx_word' id='word_1_66' title='bbox 147 1355 229 1420; x_wconf 91' lang='lat' dir='ltr'><strong>riori</strong></span> <span class='ocrx_word' id='word_1_67' title='bbox 256 1357 369 1440; x_wconf 85' lang='lat' dir='ltr'><strong>reperi</strong></span> <span class='ocrx_word' id='word_1_68' title='bbox 395 1364 432 1421; x_wconf 91' lang='lat' dir='ltr'><strong>et</strong></span> <span class='ocrx_word' id='word_1_69' title='bbox 460 1356 601 1439; x_wconf 87' lang='lat' dir='ltr'><strong>agnovi,</strong></span> <span class='ocrx_word' id='word_1_70' title='bbox 631 1357 838 1441; x_wconf 89' lang='lat' dir='ltr'><strong>quibusdam</strong></span> <span class='ocrx_word' id='word_1_71' title='bbox 860 1364 978 1423; x_wconf 88' lang='lat' dir='ltr'><strong>tamen</strong></span> <span class='ocrx_word' id='word_1_72' title='bbox 1002 1366 1097 1423; x_wconf 91' lang='lat' dir='ltr'><strong>utro·</strong></span> 
     </span>
     <span class='ocr_line' id='line_1_11' title="bbox 147 1456 1203 1541; baseline 0.003 -22"><span class='ocrx_word' id='word_1_73' title='bbox 147 1456 251 1538; x_wconf 88' lang='lat' dir='ltr'><strong>bique</strong></span> <span class='ocrx_word' id='word_1_74' title='bbox 274 1456 413 1522; x_wconf 87' lang='lat' dir='ltr'><strong>locutus</strong></span> <span class='ocrx_word' id='word_1_75' title='bbox 438 1476 528 1534; x_wconf 87' lang='lat' dir='ltr'><strong>sum,</strong></span> <span class='ocrx_word' id='word_1_76' title='bbox 556 1457 648 1521; x_wconf 87' lang='lat' dir='ltr'><strong>inter</strong></span> <span class='ocrx_word' id='word_1_77' title='bbox 671 1476 759 1540; x_wconf 90' lang='lat' dir='ltr'><strong>quos</strong></span> <span class='ocrx_word' id='word_1_78' title='bbox 789 1457 964 1523; x_wconf 88' lang='lat' dir='ltr'><strong>aurificem</strong></span> <span class='ocrx_word' id='word_1_79' title='bbox 990 1477 1098 1541; x_wconf 88' lang='lat' dir='ltr'><strong>quen·</strong></span> <span class='ocrx_word' id='word_1_80' title='bbox 1195 1506 1203 1517; x_wconf 85' lang='lat'>.</span> 
     </span>
     <span class='ocr_line' id='line_1_12' title="bbox 148 1555 1098 1640; baseline 0.002 -21"><span class='ocrx_word' id='word_1_81' title='bbox 148 1555 227 1619; x_wconf 88' lang='lat' dir='ltr'><strong>dam</strong></span> <span class='ocrx_word' id='word_1_82' title='bbox 249 1555 334 1620; x_wconf 90' lang='lat' dir='ltr'><strong>mihi</strong></span> <span class='ocrx_word' id='word_1_83' title='bbox 353 1557 390 1620; x_wconf 93' lang='lat' dir='ltr'><strong>in</strong></span> <span class='ocrx_word' id='word_1_84' title='bbox 413 1557 531 1622; x_wconf 87' lang='lat' dir='ltr'><strong>seculo</strong></span> <span class='ocrx_word' id='word_1_85' title='bbox 557 1557 775 1621; x_wconf 89' lang='lat' dir='ltr'><strong>notissimum</strong></span> <span class='ocrx_word' id='word_1_86' title='bbox 797 1557 1014 1640; x_wconf 82' lang='lat' dir='ltr'><strong>conspiciens</strong></span> <span class='ocrx_word' id='word_1_87' title='bbox 1036 1577 1098 1639; x_wconf 76' lang='lat' dir='ltr'><strong>ag·</strong></span> 
     </span>
     <span class='ocr_line' id='line_1_13' title="bbox 148 1656 1097 1736; baseline 0.003 -17"><span class='ocrx_word' id='word_1_88' title='bbox 148 1656 257 1736; x_wconf 82' lang='lat' dir='ltr'><strong>novi3</strong></span> <span class='ocrx_word' id='word_1_89' title='bbox 295 1656 420 1721; x_wconf 89' lang='lat' dir='ltr'><strong>ductor</strong></span> <span class='ocrx_word' id='word_1_90' title='bbox 450 1663 566 1720; x_wconf 88' lang='lat' dir='ltr'><strong>autem</strong></span> <span class='ocrx_word' id='word_1_91' title='bbox 598 1676 709 1734; x_wconf 89' lang='lat' dir='ltr'><strong>meus,</strong></span> <span class='ocrx_word' id='word_1_92' title='bbox 736 1676 877 1721; x_wconf 90' lang='lat' dir='ltr'><strong>cernens</strong></span> <span class='ocrx_word' id='word_1_93' title='bbox 913 1677 968 1721; x_wconf 90' lang='lat' dir='ltr'><strong>mc</strong></span> <span class='ocrx_word' id='word_1_94' title='bbox 997 1657 1097 1723; x_wconf 89' lang='lat' dir='ltr'><strong>illum</strong></span> 
     </span>
     <span class='ocr_line' id='line_1_14' title="bbox 147 1754 1096 1839; baseline 0.003 -20"><span class='ocrx_word' id='word_1_95' title='bbox 147 1754 346 1837; x_wconf 80' lang='lat' dir='ltr'><strong>diligentius</strong></span> <span class='ocrx_word' id='word_1_96' title='bbox 365 1757 505 1834; x_wconf 89' lang='lat' dir='ltr'><strong>intueri,</strong></span> <span class='ocrx_word' id='word_1_97' title='bbox 524 1756 721 1822; x_wconf 83' lang='lat' dir='ltr'><strong>sciscitatus</strong></span> <span class='ocrx_word' id='word_1_98' title='bbox 743 1762 808 1833; x_wconf 89' lang='lat' dir='ltr'><strong>est,</strong></span> <span class='ocrx_word' id='word_1_99' title='bbox 830 1758 860 1820; x_wconf 91' lang='lat' dir='ltr'><strong>si</strong></span> <span class='ocrx_word' id='word_1_100' title='bbox 879 1758 993 1839; x_wconf 89' lang='lat' dir='ltr'><strong>ipsum</strong></span> <span class='ocrx_word' id='word_1_101' title='bbox 1013 1777 1096 1839; x_wconf 85' lang='lat' dir='ltr'><strong>cog-</strong></span> 
     </span>
    </p>

    <p class='ocr_par' dir='ltr' id='par_1_4' title="bbox 64 1856 1106 4231">
     <span class='ocr_line' id='line_1_15' title="bbox 64 1856 1097 1939; baseline 0.004 -22"><span class='ocrx_word' id='word_1_102' title='bbox 64 1912 67 1917; x_wconf 89' lang='lat'>.</span> <span class='ocrx_word' id='word_1_103' title='bbox 148 1874 344 1935; x_wconf 85' lang='lat' dir='ltr'><strong>noscerem3</strong></span> <span class='ocrx_word' id='word_1_104' title='bbox 371 1857 514 1921; x_wconf 88' lang='lat' dir='ltr'><strong>audiens</strong></span> <span class='ocrx_word' id='word_1_105' title='bbox 537 1875 675 1939; x_wconf 89' lang='lat' dir='ltr'><strong>quoque</strong></span> <span class='ocrx_word' id='word_1_106' title='bbox 696 1856 793 1920; x_wconf 91' lang='lat' dir='ltr'><strong>illum</strong></span> <span class='ocrx_word' id='word_1_107' title='bbox 811 1856 896 1920; x_wconf 88' lang='lat' dir='ltr'><strong>mihi</strong></span> <span class='ocrx_word' id='word_1_108' title='bbox 913 1857 1020 1921; x_wconf 81' lang='lat' dir='ltr'><strong>fuisse</strong></span> <span class='ocrx_word' id='word_1_109' title='bbox 1037 1877 1097 1921; x_wconf 92' lang='lat' dir='ltr'><strong>no-</strong></span> 
     </span>
     <span class='ocr_line' id='line_1_16' title="bbox 149 1951 1097 2039; baseline 0.002 -21"><span class='ocrx_word' id='word_1_110' title='bbox 149 1953 331 2033; x_wconf 85' lang='lat' dir='ltr'><strong>tissimum,</strong></span> <span class='ocrx_word' id='word_1_111' title='bbox 348 1956 410 2034; x_wconf 90' lang='lat' dir='ltr'><strong>ait,</strong></span> <span class='ocrx_word' id='word_1_112' title='bbox 428 1956 489 2020; x_wconf 89' lang='lat' dir='ltr'><strong>‘Si</strong></span> <span class='ocrx_word' id='word_1_113' title='bbox 511 1975 589 2020; x_wconf 92' lang='lat' dir='ltr'><strong>eum</strong></span> <span class='ocrx_word' id='word_1_114' title='bbox 606 1957 711 2034; x_wconf 91' lang='lat' dir='ltr'><strong>nosti,</strong></span> <span class='ocrx_word' id='word_1_115' title='bbox 732 1956 874 2039; x_wconf 90' lang='lat' dir='ltr'><strong>loquere</strong></span> <span class='ocrx_word' id='word_1_116' title='bbox 895 1951 969 2021; x_wconf 69' lang='lat' dir='ltr'><strong>illi?</strong></span> <span class='ocrx_word' id='word_1_117' title='bbox 1014 1955 1097 2039; x_wconf 91' lang='lat' dir='ltr'><strong>Ipse</strong></span> 
     </span>
     <span class='ocr_line' id='line_1_17' title="bbox 149 2055 1097 2137; baseline 0.003 -20"><span class='ocrx_word' id='word_1_118' title='bbox 149 2072 231 2119; x_wconf 84' lang='lat' dir='ltr'><strong>vero</strong></span> <span class='ocrx_word' id='word_1_119' title='bbox 251 2055 389 2120; x_wconf 88' lang='lat' dir='ltr'><strong>intuens</strong></span> <span class='ocrx_word' id='word_1_120' title='bbox 407 2075 471 2120; x_wconf 90' lang='lat' dir='ltr'><strong>nos</strong></span> <span class='ocrx_word' id='word_1_121' title='bbox 488 2063 524 2119; x_wconf 88' lang='lat' dir='ltr'><strong>et</strong></span> <span class='ocrx_word' id='word_1_122' title='bbox 543 2074 793 2137; x_wconf 82' lang='lat' dir='ltr'><strong>recognoscens</strong></span> <span class='ocrx_word' id='word_1_123' title='bbox 809 2055 974 2120; x_wconf 87' lang='lat' dir='ltr'><strong>ineffabili</strong></span> <span class='ocrx_word' id='word_1_124' title='bbox 995 2062 1097 2137; x_wconf 81' lang='lat' dir='ltr'><strong>gestu</strong></span> 
     </span>
     <span class='ocr_line' id='line_1_18' title="bbox 149 2153 1098 2238; baseline 0 -21"><span class='ocrx_word' id='word_1_125' title='bbox 149 2153 281 2219; x_wconf 75' lang='lat' dir='ltr'><strong>laetitiis</strong></span> <span class='ocrx_word' id='word_1_126' title='bbox 310 2154 544 2238; x_wconf 83' lang='lat' dir='ltr'><strong>applaudebat</strong></span> <span class='ocrx_word' id='word_1_127' title='bbox 574 2154 662 2231; x_wconf 81' lang='lat' dir='ltr'><strong>viro,</strong></span> <span class='ocrx_word' id='word_1_128' title='bbox 685 2155 745 2237; x_wconf 92' lang='lat' dir='ltr'><strong>qui</strong></span> <span class='ocrx_word' id='word_1_129' title='bbox 767 2173 822 2217; x_wconf 91' lang='lat' dir='ltr'><strong>me</strong></span> <span class='ocrx_word' id='word_1_130' title='bbox 853 2155 1013 2231; x_wconf 88' lang='lat' dir='ltr'><strong>ducebat,</strong></span> <span class='ocrx_word' id='word_1_131' title='bbox 1035 2173 1098 2218; x_wconf 88' lang='lat' dir='ltr'><strong>ex·</strong></span> 
     </span>
     <span class='ocr_line' id='line_1_19' title="bbox 150 2253 1096 2337; baseline -0.001 -20"><span class='ocrx_word' id='word_1_132' title='bbox 150 2254 337 2337; x_wconf 85' lang='lat' dir='ltr'><strong>pansisque</strong></span> <span class='ocrx_word' id='word_1_133' title='bbox 361 2255 521 2319; x_wconf 89' lang='lat' dir='ltr'><strong>manibus</strong></span> <span class='ocrx_word' id='word_1_134' title='bbox 545 2273 568 2318; x_wconf 89' lang='lat' dir='ltr'><strong>a</strong></span> <span class='ocrx_word' id='word_1_135' title='bbox 587 2255 709 2318; x_wconf 88' lang='lat' dir='ltr'><strong>crebra</strong></span> <span class='ocrx_word' id='word_1_136' title='bbox 734 2253 842 2317; x_wconf 87' lang='lat' dir='ltr'><strong>totius</strong></span> <span class='ocrx_word' id='word_1_137' title='bbox 864 2254 1017 2336; x_wconf 89' lang='lat' dir='ltr'><strong>corporis</strong></span> <span class='ocrx_word' id='word_1_138' title='bbox 1042 2253 1096 2317; x_wconf 92' lang='lat' dir='ltr'><strong>in·</strong></span> 
     </span>
     <span class='ocr_line' id='line_1_20' title="bbox 150 2352 1099 2435; baseline 0.001 -19"><span class='ocrx_word' id='word_1_139' title='bbox 150 2353 337 2418; x_wconf 90' lang='lat' dir='ltr'><strong>clinatione</strong></span> <span class='ocrx_word' id='word_1_140' title='bbox 370 2353 469 2417; x_wconf 91' lang='lat' dir='ltr'><strong>illum</strong></span> <span class='ocrx_word' id='word_1_141' title='bbox 498 2360 683 2419; x_wconf 82' lang='lat' dir='ltr'><strong>veneratus</strong></span> <span class='ocrx_word' id='word_1_142' title='bbox 709 2359 814 2435; x_wconf 88' lang='lat' dir='ltr'><strong>atque</strong></span> <span class='ocrx_word' id='word_1_143' title='bbox 842 2372 905 2435; x_wconf 92' lang='lat' dir='ltr'><strong>pro</strong></span> <span class='ocrx_word' id='word_1_144' title='bbox 934 2352 1099 2435; x_wconf 88' lang='lat' dir='ltr'><strong>impensis</strong></span> 
     </span>
     <span class='ocr_line' id='line_1_21' title="bbox 150 2451 1100 2534; baseline -0.002 -15"><span class='ocrx_word' id='word_1_145' title='bbox 150 2453 216 2519; x_wconf 88' lang='lat' dir='ltr'><strong>sibi</strong></span> <span class='ocrx_word' id='word_1_146' title='bbox 241 2452 416 2517; x_wconf 88' lang='lat' dir='ltr'><strong>beneficiis</strong></span> <span class='ocrx_word' id='word_1_147' title='bbox 445 2454 602 2518; x_wconf 86' lang='lat' dir='ltr'><strong>salutans</strong></span> <span class='ocrx_word' id='word_1_148' title='bbox 626 2451 887 2534; x_wconf 83' lang='lat' dir='ltr'><strong>inexplicabiles</strong></span> <span class='ocrx_word' id='word_1_149' title='bbox 909 2453 1100 2534; x_wconf 85' lang='lat' dir='ltr'><strong>gratiarum</strong></span> 
     </span>
     <span class='ocr_line' id='line_1_22' title="bbox 150 2550 1101 2639; baseline 0.004 -24"><span class='ocrx_word' id='word_1_150' title='bbox 150 2552 269 2618; x_wconf 87' lang='lat' dir='ltr'><strong>retulit</strong></span> <span class='ocrx_word' id='word_1_151' title='bbox 290 2553 444 2617; x_wconf 86' lang='lat' dir='ltr'><strong>actiones</strong></span> <span class='ocrx_word' id='word_1_152' title='bbox 455 2573 465 2633; x_wconf 83' lang='lat'>3</span> <span class='ocrx_word' id='word_1_153' title='bbox 498 2571 645 2634; x_wconf 89' lang='lat' dir='ltr'><strong>cumque</strong></span> <span class='ocrx_word' id='word_1_154' title='bbox 667 2551 807 2615; x_wconf 87' lang='lat' dir='ltr'><strong>tandem</strong></span> <span class='ocrx_word' id='word_1_155' title='bbox 828 2550 1026 2639; x_wconf 82' lang='lat' dir='ltr'><strong>frequenter</strong></span> <span class='ocrx_word' id='word_1_156' title='bbox 1046 2573 1101 2619; x_wconf 92' lang='lat' dir='ltr'><strong>re·</strong></span> 
     </span>
     <span class='ocr_line' id='line_1_23' title="bbox 151 2649 1101 2736; baseline -0.001 -20"><span class='ocrx_word' id='word_1_157' title='bbox 151 2659 295 2736; x_wconf 84' lang='lat' dir='ltr'><strong>peteret,</strong></span> <span class='ocrx_word' id='word_1_158' title='bbox 325 2652 480 2716; x_wconf 88' lang='lat' dir='ltr'><strong>‘Sancte</strong></span> <span class='ocrx_word' id='word_1_159' title='bbox 512 2650 671 2728; x_wconf 90' lang='lat' dir='ltr'><strong>Nicolae,</strong></span> <span class='ocrx_word' id='word_1_160' title='bbox 697 2650 858 2714; x_wconf 88' lang='lat' dir='ltr'><strong>miserere</strong></span> <span class='ocrx_word' id='word_1_161' title='bbox 882 2649 972 2729; x_wconf 90' lang='lat' dir='ltr'><strong>mei,’</strong></span> <span class='ocrx_word' id='word_1_162' title='bbox 999 2671 1101 2734; x_wconf 89' lang='lat' dir='ltr'><strong>quem</strong></span> 
     </span>
     <span class='ocr_line' id='line_1_24' title="bbox 151 2746 1101 2835; baseline -0.003 -17"><span class='ocrx_word' id='word_1_163' title='bbox 151 2746 285 2818; x_wconf 67' lang='lat' dir='ltr'><strong>tultum</strong></span> <span class='ocrx_word' id='word_1_164' title='bbox 307 2751 468 2835; x_wconf 82' lang='lat' dir='ltr'><strong>praeferre</strong></span> <span class='ocrx_word' id='word_1_165' title='bbox 485 2751 678 2833; x_wconf 86' lang='lat' dir='ltr'><strong>angelicum</strong></span> <span class='ocrx_word' id='word_1_166' title='bbox 700 2751 876 2815; x_wconf 88' lang='lat' dir='ltr'><strong>multoties</strong></span> <span class='ocrx_word' id='word_1_167' title='bbox 893 2751 1101 2830; x_wconf 87' lang='lat' dir='ltr'><strong>admirabar,</strong></span> 
     </span>
     <span class='ocr_line' id='line_1_25' title="bbox 152 2850 1100 2932; baseline 0.001 -18"><span class='ocrx_word' id='word_1_168' title='bbox 152 2851 236 2915; x_wconf 91' lang='lat' dir='ltr'><strong>nihil</strong></span> <span class='ocrx_word' id='word_1_169' title='bbox 251 2850 336 2914; x_wconf 91' lang='lat' dir='ltr'><strong>mihi</strong></span> <span class='ocrx_word' id='word_1_170' title='bbox 354 2851 487 2915; x_wconf 87' lang='lat' dir='ltr'><strong>dulcius</strong></span> <span class='ocrx_word' id='word_1_171' title='bbox 503 2857 646 2915; x_wconf 89' lang='lat' dir='ltr'><strong>eatenus</strong></span> <span class='ocrx_word' id='word_1_172' title='bbox 666 2850 782 2914; x_wconf 88' lang='lat' dir='ltr'><strong>audivi</strong></span> <span class='ocrx_word' id='word_1_173' title='bbox 797 2870 902 2932; x_wconf 89' lang='lat' dir='ltr'><strong>quam</strong></span> <span class='ocrx_word' id='word_1_174' title='bbox 919 2871 996 2915; x_wconf 91' lang='lat' dir='ltr'><strong>cum</strong></span> <span class='ocrx_word' id='word_1_175' title='bbox 1017 2851 1100 2915; x_wconf 92' lang='lat' dir='ltr'><strong>duc-</strong></span> 
     </span>
     <span class='ocr_line' id='line_1_26' title="bbox 152 2950 1101 3034; baseline 0 -18"><span class='ocrx_word' id='word_1_176' title='bbox 152 2951 237 3016; x_wconf 86' lang='lat' dir='ltr'><strong>toris</strong></span> <span class='ocrx_word' id='word_1_177' title='bbox 266 2951 335 3015; x_wconf 90' lang='lat' dir='ltr'><strong>mei</strong></span> <span class='ocrx_word' id='word_1_178' title='bbox 364 2951 476 3015; x_wconf 91' lang='lat' dir='ltr'><strong>suncti</strong></span> <span class='ocrx_word' id='word_1_179' title='bbox 505 2950 540 3014; x_wconf 96' lang='lat' dir='ltr'>N</span> <span class='ocrx_word' id='word_1_180' title='bbox 542 2950 657 3028; x_wconf 88' lang='lat' dir='ltr'><strong>icolai,</strong></span> <span class='ocrx_word' id='word_1_181' title='bbox 682 2970 783 3034; x_wconf 92' lang='lat' dir='ltr'><strong>quem</strong></span> <span class='ocrx_word' id='word_1_182' title='bbox 815 2969 950 3032; x_wconf 90' lang='lat' dir='ltr'><strong>semper</strong></span> <span class='ocrx_word' id='word_1_183' title='bbox 975 2950 1101 3028; x_wconf 87' lang='lat' dir='ltr'><strong>amavi,</strong></span> 
     </span>
     <span class='ocr_line' id='line_1_27' title="bbox 152 3050 1101 3131; baseline -0.003 -15"><span class='ocrx_word' id='word_1_184' title='bbox 152 3050 243 3116; x_wconf 89' lang='lat' dir='ltr'><strong>colui</strong></span> <span class='ocrx_word' id='word_1_185' title='bbox 264 3058 300 3116; x_wconf 90' lang='lat' dir='ltr'><strong>et</strong></span> <span class='ocrx_word' id='word_1_186' title='bbox 319 3050 439 3128; x_wconf 81' lang='lat' dir='ltr'><strong>dilexi,</strong></span> <span class='ocrx_word' id='word_1_187' title='bbox 461 3069 586 3115; x_wconf 91' lang='lat' dir='ltr'><strong>nomen</strong></span> <span class='ocrx_word' id='word_1_188' title='bbox 613 3050 745 3114; x_wconf 89' lang='lat' dir='ltr'><strong>celebre</strong></span> <span class='ocrx_word' id='word_1_189' title='bbox 769 3051 968 3130; x_wconf 83' lang='lat' dir='ltr'><strong>recognovi,</strong></span> <span class='ocrx_word' id='word_1_190' title='bbox 990 3070 1012 3114; x_wconf 90' lang='lat' dir='ltr'><strong>a</strong></span> <span class='ocrx_word' id='word_1_191' title='bbox 1032 3069 1101 3131; x_wconf 90' lang='lat' dir='ltr'><strong>qno</strong></span> 
     </span>
     <span class='ocr_line' id='line_1_28' title="bbox 152 3149 1102 3232; baseline -0.001 -18"><span class='ocrx_word' id='word_1_192' title='bbox 152 3151 299 3215; x_wconf 87' lang='lat' dir='ltr'><strong>salutem</strong></span> <span class='ocrx_word' id='word_1_193' title='bbox 320 3156 393 3215; x_wconf 88' lang='lat' dir='ltr'><strong>tem</strong></span> <span class='ocrx_word' id='word_1_194' title='bbox 411 3149 566 3232; x_wconf 85' lang='lat' dir='ltr'><strong>corporis</strong></span> <span class='ocrx_word' id='word_1_195' title='bbox 586 3167 689 3232; x_wconf 93' lang='lat' dir='ltr'><strong>quam</strong></span> <span class='ocrx_word' id='word_1_196' title='bbox 709 3149 832 3213; x_wconf 88' lang='lat' dir='ltr'><strong>animae</strong></span> <span class='ocrx_word' id='word_1_197' title='bbox 854 3150 1007 3213; x_wconf 88' lang='lat' dir='ltr'><strong>obtinere</strong></span> <span class='ocrx_word' id='word_1_198' title='bbox 1024 3168 1102 3231; x_wconf 90' lang='lat' dir='ltr'><strong>spe-</strong></span> 
     </span>
     <span class='ocr_line' id='line_1_29' title="bbox 154 3248 1102 3332; baseline -0.003 -17"><span class='ocrx_word' id='word_1_199' title='bbox 154 3251 285 3315; x_wconf 81' lang='lat' dir='ltr'><strong>rabam.</strong></span> <span class='ocrx_word' id='word_1_200' title='bbox 330 3249 431 3314; x_wconf 83' lang='lat' dir='ltr'><strong>Tunc</strong></span> <span class='ocrx_word' id='word_1_201' title='bbox 445 3268 467 3313; x_wconf 90' lang='lat' dir='ltr'><strong>a</strong></span> <span class='ocrx_word' id='word_1_202' title='bbox 484 3268 539 3312; x_wconf 92' lang='lat' dir='ltr'><strong>me</strong></span> <span class='ocrx_word' id='word_1_203' title='bbox 559 3249 744 3332; x_wconf 87' lang='lat' dir='ltr'><strong>requisitus</strong></span> <span class='ocrx_word' id='word_1_204' title='bbox 761 3248 911 3325; x_wconf 86' lang='lat' dir='ltr'><strong>aurifex,</strong></span> <span class='ocrx_word' id='word_1_205' title='bbox 930 3248 1102 3331; x_wconf 90' lang='lat' dir='ltr'><strong>quomodo</strong></span> 
     </span>
     <span class='ocr_line' id='line_1_30' title="bbox 154 3349 1101 3430; baseline -0.003 -15"><span class='ocrx_word' id='word_1_206' title='bbox 154 3356 227 3415; x_wconf 84' lang='lat' dir='ltr'><strong>tarn</strong></span> <span class='ocrx_word' id='word_1_207' title='bbox 251 3350 321 3415; x_wconf 86' lang='lat' dir='ltr'><strong>cito</strong></span> <span class='ocrx_word' id='word_1_208' title='bbox 343 3350 430 3415; x_wconf 89' lang='lat' dir='ltr'><strong>adeo</strong></span> <span class='ocrx_word' id='word_1_209' title='bbox 454 3350 619 3412; x_wconf 90' lang='lat' dir='ltr'><strong>immania</strong></span> <span class='ocrx_word' id='word_1_210' title='bbox 645 3349 889 3430; x_wconf 86' lang='lat' dir='ltr'><strong>pertransisset</strong></span> <span class='ocrx_word' id='word_1_211' title='bbox 916 3355 1101 3427; x_wconf 90' lang='lat' dir='ltr'><strong>tormenta,</strong></span> 
     </span>
     <span class='ocr_line' id='line_1_31' title="bbox 154 3447 1102 3533; baseline -0.002 -19"><span class='ocrx_word' id='word_1_212' title='bbox 154 3469 233 3533; x_wconf 82' lang='lat' dir='ltr'><strong>quae</strong></span> <span class='ocrx_word' id='word_1_213' title='bbox 252 3469 330 3514; x_wconf 91' lang='lat' dir='ltr'><strong>eum</strong></span> <span class='ocrx_word' id='word_1_214' title='bbox 345 3456 577 3514; x_wconf 88' lang='lat' dir='ltr'><strong>transmeasse</strong></span> <span class='ocrx_word' id='word_1_215' title='bbox 593 3448 772 3531; x_wconf 81' lang='lat' dir='ltr'><strong>conspexi,</strong></span> <span class='ocrx_word' id='word_1_216' title='bbox 788 3447 976 3530; x_wconf 86' lang='lat' dir='ltr'><strong>respondit,</strong></span> <span class='ocrx_word' id='word_1_217' title='bbox 1000 3447 1102 3526; x_wconf 85' lang='lat' dir='ltr'><strong>‘Tu,&#39;</strong></span> 
     </span>
     <span class='ocr_line' id='line_1_32' title="bbox 154 3548 1102 3632; baseline -0.003 -18"><span class='ocrx_word' id='word_1_218' title='bbox 154 3549 279 3632; x_wconf 89' lang='lat' dir='ltr'><strong>inquit,</strong></span> <span class='ocrx_word' id='word_1_219' title='bbox 291 3550 500 3626; x_wconf 72' lang='lat' dir='ltr'><strong>‘carissima</strong></span> <span class='ocrx_word' id='word_1_220' title='bbox 511 3555 547 3612; x_wconf 90' lang='lat' dir='ltr'><strong>et</strong></span> <span class='ocrx_word' id='word_1_221' title='bbox 558 3567 675 3613; x_wconf 89' lang='lat' dir='ltr'><strong>omnes</strong></span> <span class='ocrx_word' id='word_1_222' title='bbox 689 3548 765 3611; x_wconf 92' lang='lat' dir='ltr'><strong>noti</strong></span> <span class='ocrx_word' id='word_1_223' title='bbox 776 3548 843 3610; x_wconf 90' lang='lat' dir='ltr'><strong>mei</strong></span> <span class='ocrx_word' id='word_1_224' title='bbox 853 3548 890 3610; x_wconf 95' lang='lat' dir='ltr'><strong>in</strong></span> <span class='ocrx_word' id='word_1_225' title='bbox 907 3548 1035 3623; x_wconf 90' lang='lat' dir='ltr'><strong>seculo,</strong></span> <span class='ocrx_word' id='word_1_226' title='bbox 1046 3549 1102 3612; x_wconf 91' lang='lat' dir='ltr'><strong>cui</strong></span> 
     </span>
     <span class='ocr_line' id='line_1_33' title="bbox 154 3646 1104 3730; baseline -0.003 -16"><span class='ocrx_word' id='word_1_227' title='bbox 154 3657 235 3714; x_wconf 87' lang='lat' dir='ltr'><strong>ante</strong></span> <span class='ocrx_word' id='word_1_228' title='bbox 260 3655 407 3714; x_wconf 89' lang='lat' dir='ltr'><strong>mortem</strong></span> <span class='ocrx_word' id='word_1_229' title='bbox 437 3668 549 3712; x_wconf 90' lang='lat' dir='ltr'><strong>meam</strong></span> <span class='ocrx_word' id='word_1_230' title='bbox 576 3647 800 3730; x_wconf 88' lang='lat' dir='ltr'><strong>temporalem</strong></span> <span class='ocrx_word' id='word_1_231' title='bbox 826 3646 963 3711; x_wconf 89' lang='lat' dir='ltr'><strong>vidistis</strong></span> <span class='ocrx_word' id='word_1_232' title='bbox 988 3649 1104 3712; x_wconf 91' lang='lat' dir='ltr'><strong>omnia</strong></span> 
     </span>
     <span class='ocr_line' id='line_1_34' title="bbox 155 3746 1106 3830; baseline -0.001 -18"><span class='ocrx_word' id='word_1_233' title='bbox 155 3748 234 3814; x_wconf 86' lang='lat' dir='ltr'><strong>fidei</strong></span> <span class='ocrx_word' id='word_1_234' title='bbox 252 3748 459 3814; x_wconf 81' lang='lat' dir='ltr'><strong>Christianae</strong></span> <span class='ocrx_word' id='word_1_235' title='bbox 480 3747 652 3830; x_wconf 85' lang='lat' dir='ltr'><strong>denegata</strong></span> <span class='ocrx_word' id='word_1_236' title='bbox 670 3746 837 3824; x_wconf 89' lang='lat' dir='ltr'><strong>subsidia,</strong></span> <span class='ocrx_word' id='word_1_237' title='bbox 854 3747 950 3810; x_wconf 88' lang='lat' dir='ltr'><strong>velut</strong></span> <span class='ocrx_word' id='word_1_238' title='bbox 971 3748 1106 3813; x_wconf 87' lang='lat' dir='ltr'><strong>confes·</strong></span> 
     </span>
     <span class='ocr_line' id='line_1_35' title="bbox 152 3846 1104 3931; baseline -0.004 -17"><span class='ocrx_word' id='word_1_239' title='bbox 152 3850 287 3914; x_wconf 85' lang='lat' dir='ltr'><strong>sionem</strong></span> <span class='ocrx_word' id='word_1_240' title='bbox 313 3855 349 3913; x_wconf 90' lang='lat' dir='ltr'><strong>et</strong></span> <span class='ocrx_word' id='word_1_241' title='bbox 378 3848 556 3926; x_wconf 86' lang='lat' dir='ltr'><strong>viaticum,</strong></span> <span class='ocrx_word' id='word_1_242' title='bbox 583 3868 646 3931; x_wconf 91' lang='lat' dir='ltr'><strong>pro</strong></span> <span class='ocrx_word' id='word_1_243' title='bbox 679 3848 814 3930; x_wconf 88' lang='lat' dir='ltr'><strong>perdito</strong></span> <span class='ocrx_word' id='word_1_244' title='bbox 842 3865 897 3909; x_wconf 92' lang='lat' dir='ltr'><strong>me</strong></span> <span class='ocrx_word' id='word_1_245' title='bbox 922 3846 1104 3924; x_wconf 88' lang='lat' dir='ltr'><strong>habuistis,</strong></span> 
     </span>
     <span class='ocr_line' id='line_1_36' title="bbox 155 3945 1104 4030; baseline -0.006 -16"><span class='ocrx_word' id='word_1_246' title='bbox 155 3948 346 4014; x_wconf 88' lang='lat' dir='ltr'><strong>nescientes</strong></span> <span class='ocrx_word' id='word_1_247' title='bbox 362 3949 543 4030; x_wconf 83' lang='lat' dir='ltr'><strong>praesentis</strong></span> <span class='ocrx_word' id='word_1_248' title='bbox 560 3948 688 4013; x_wconf 92' lang='lat' dir='ltr'><strong>domiui</strong></span> <span class='ocrx_word' id='word_1_249' title='bbox 712 3945 992 4024; x_wconf 89' lang='lat' dir='ltr'><strong>miscricordiam,</strong></span> <span class='ocrx_word' id='word_1_250' title='bbox 1007 3966 1104 4010; x_wconf 87' lang='lat' dir='ltr'><strong>sanc-</strong></span> 
     </span>
     <span class='ocr_line' id='line_1_37' title="bbox 157 4045 1104 4129; baseline -0.007 -15"><span class='ocrx_word' id='word_1_251' title='bbox 157 4050 183 4114; x_wconf 92' lang='lat' dir='ltr'><strong>ti</strong></span> <span class='ocrx_word' id='word_1_252' title='bbox 211 4049 373 4115; x_wconf 85' lang='lat' dir='ltr'><strong>videlicet</strong></span> <span class='ocrx_word' id='word_1_253' title='bbox 404 4047 555 4126; x_wconf 88' lang='lat' dir='ltr'><strong>Nicolai,</strong></span> <span class='ocrx_word' id='word_1_254' title='bbox 587 4048 646 4129; x_wconf 92' lang='lat' dir='ltr'><strong>qui</strong></span> <span class='ocrx_word' id='word_1_255' title='bbox 678 4067 732 4110; x_wconf 92' lang='lat' dir='ltr'><strong>me</strong></span> <span class='ocrx_word' id='word_1_256' title='bbox 764 4045 936 4109; x_wconf 84' lang='lat' dir='ltr'><strong>infelicem</strong></span> <span class='ocrx_word' id='word_1_257' title='bbox 967 4065 1104 4110; x_wconf 88' lang='lat' dir='ltr'><strong>servum</strong></span> 
     </span>
     <span class='ocr_line' id='line_1_38' title="bbox 157 4144 1105 4231; baseline -0.007 -17"><span class='ocrx_word' id='word_1_258' title='bbox 157 4168 258 4215; x_wconf 90' lang='lat' dir='ltr'><strong>suum</strong></span> <span class='ocrx_word' id='word_1_259' title='bbox 280 4167 350 4212; x_wconf 87' lang='lat' dir='ltr'><strong>non</strong></span> <span class='ocrx_word' id='word_1_260' title='bbox 370 4154 423 4213; x_wconf 90' lang='lat' dir='ltr'><strong>est</strong></span> <span class='ocrx_word' id='word_1_261' title='bbox 445 4167 568 4231; x_wconf 87' lang='lat' dir='ltr'><strong>passus</strong></span> <span class='ocrx_word' id='word_1_262' title='bbox 590 4146 747 4210; x_wconf 88' lang='lat' dir='ltr'><strong>meritam</strong></span> <span class='ocrx_word' id='word_1_263' title='bbox 770 4151 946 4227; x_wconf 84' lang='lat' dir='ltr'><strong>perpetuae</strong></span> <span class='ocrx_word' id='word_1_264' title='bbox 962 4144 1105 4209; x_wconf 89' lang='lat' dir='ltr'><strong>damna·</strong></span> 
     </span>
    </p>
   </div>
   <div class='ocr_carea' id='block_1_3' title="bbox 0 0 1450 4876">
    <p class='ocr_par' dir='ltr' id='par_1_5' title="bbox 0 0 1450 4876">
     <span class='ocr_line' id='line_1_39' title="bbox 0 0 1450 4876; baseline 0 0"><span class='ocrx_word' id='word_1_265' title='bbox 0 0 1450 4876; x_wconf 95' lang='lat' dir='ltr'><strong> </strong></span> 
     </span>
    </p>
   </div>
  </div>
 </body>
</html>
