2858 4876
340 395 406 460 236
588 409 721 457 uocatu
746 408 793 453 nn
816 405 1023 454 wuunovna

177 585 299 626 nonu.
340 569 433 645 dum,
456 567 516 650 qui
541 567 585 631 ad
609 566 674 630 hoc
696 570 876 640 venerunt,
894 571 934 626 ut
956 581 1077 644 pacem
1099 561 1190 624 inter
1210 580 1286 642 reg-

339 688 420 732 num
443 676 479 732 et
494 666 722 730 sacerdotium
736 665 973 729 reformarent.
1013 661 1093 726 Rex
1110 667 1225 725 autem
1242 659 1286 723 ad

338 767 615 832 exhortationem
629 766 828 829 nuntiorum
848 770 1027 845 gratanter
1048 761 1231 837 concessit,
1249 766 1289 822 ut

339 868 617 950 archiepiscopus
649 863 910 929 cantuariensis
935 871 970 926 et
990 861 1161 938 monachi,
1184 866 1290 942 atque

335 986 457 1030 omnes
480 966 632 1048 episcopi
655 966 699 1028 ab
720 962 851 1046 Anglia
873 962 1069 1045 proscripti,
1095 980 1173 1024 cum
1202 979 1288 1043 pace

339 1085 404 1130 sua
419 1065 569 1129 redirent
585 1064 629 1129 ad
648 1064 787 1147 propria
801 1084 810 1142 3
831 1063 903 1140 sed,
917 1062 1000 1145 quia
1017 1061 1060 1125 de
1075 1059 1211 1125 damnis
1229 1060 1291 1123 da·

340 1167 385 1229 tis
412 1174 448 1230 et
478 1165 642 1230 debonis
667 1183 786 1228 eornm
811 1162 1006 1227 confiscatis
1031 1181 1093 1224 rex
1118 1159 1288 1243 archiepi-

339 1277 446 1348 scopo
471 1273 506 1329 et
525 1265 697 1348 episcopis
718 1262 918 1326 satisfacere
940 1261 1063 1337 noluit,
1084 1254 1215 1323 lnuntii
1236 1260 1290 1321 in·

340 1365 431 1429 lecto
446 1365 585 1446 negotio
609 1363 653 1426 ad
669 1362 805 1427 Gallias
827 1368 1034 1427 remearunt.
1087 1359 1167 1438 Quo
1182 1360 1289 1436 facto,

339 1484 401 1528 rex
419 1464 442 1528 J
445 1464 599 1528 ohannes
621 1463 712 1546 cepit
734 1481 757 1525 a
778 1462 956 1538 militibus,
979 1461 1038 1544 qui
1060 1460 1230 1524 exercitui
1251 1460 1288 1523 in

339 1564 470 1629 Wallia
490 1584 560 1628 non
580 1563 823 1638 interfuerunt,
843 1561 886 1626 de
904 1559 1057 1644 quolibet
1079 1567 1178 1625 scuto
1201 1560 1290 1624 duas

340 1663 475 1727 marcas
490 1664 636 1744 argenti.
684 1662 814 1725 Eodem
829 1680 921 1726 anno
935 1662 990 1725 vir
1003 1661 1127 1724 nobilis
1143 1668 1179 1724 et
1190 1661 1291 1723 miles

340 1765 501 1846 egregius
518 1765 692 1846 Rogerus,
709 1761 855 1827 Cestriae
876 1761 1165 1838 constabularius,
1180 1761 1290 1825 vitam

340 1863 464 1928 finivit.

371 2033 413 2098 Ut
428 2056 481 2098 rec
494 2035 693 2101 Francorum
710 2035 931 2123 Rapiaoldarm,
946 2036 1081 2102 comitem
1097 2037 1255 2114 Bocorrr'ae,

723 2138 917 2203 assalaverit.

178 2282 289 2373 min,
392 2260 522 2326 Eodem
542 2268 697 2343 tempore
722 2261 949 2344 ReginalduS,
972 2280 1086 2327 comes
1110 2262 1291 2340 Bononiae,

179 2383 294 2431 nonme.
341 2361 395 2425 vir
416 2370 576 2424 strenuus
601 2361 694 2424 etin
716 2368 791 2425 arte
812 2362 953 2425 militari
970 2361 1246 2444 probatissimus
1270 2382 1292 2427 a

179 2433 283 2523 ῗιῗὲιῖἶῗά
341 2460 519 2545 Philippo,
539 2479 621 2542 rege
640 2460 866 2539 Francorum,
881 2462 923 2526 de
942 2463 1109 2526 comitatu
1133 2481 1197 2527 suo
1219 2456 1291 2526 ²in·

335 2560 431 2645 juste
448 2561 616 2643 expulsus
627 2568 663 2624 et
674 2561 774 2625 bonis
790 2563 948 2626 omnibus
963 2563 1120 2644 privatus
1135 2571 1204 2642 est3
1221 2583 1291 2645 quo

340 2661 499 2744 expulso,
516 2680 578 2725 rex
596 2660 808 2725 Francorum
831 2662 925 2726 dedit
948 2661 1111 2744 Philippo
1134 2663 1292 2728 filiosuo
1384 2651 1385 2654 ¹

341 2761 542 2825 comitatum
572 2761 681 2837 illum,
707 2781 785 2825 cum
813 2761 885 2824 filia
915 2769 950 2825 et
974 2760 1111 2827 haercdc
1134 2762 1293 2845 legitima

342 2860 478 2924 comitis
509 2859 701 2938 memorati,
727 2860 808 2944 jure
838 2868 1005 2944 perpetuo
1034 2862 1293 2944 possidendum.

343 2959 467 3023 Comes
490 2979 572 3024 vero
597 2959 814 3042 Reginaldus
848 2961 884 3024 in
912 2960 1076 3042 Angliam
1101 2963 1244 3026 veniens
1271 2983 1293 3028 a

342 3079 423 3141 rege
440 3059 463 3123 J
466 3059 600 3124 ohanne
617 3060 805 3125 honorifice
827 3068 1009 3144 susceptus
1033 3067 1098 3138 est,
1121 3062 1164 3125 de
1188 3063 1294 3148 cujus

341 3159 550 3224 liberalitate
578 3159 668 3223 idem
695 3180 810 3225 comes
832 3168 1005 3225 trecentas
1027 3161 1171 3226 libratas
1191 3170 1293 3228 terrae

340 3259 440 3340 larga
454 3260 696 3324 distributione
712 3260 904 3344 suscipiens
918 3261 992 3344 regi
1006 3269 1196 3327 memorato
1213 3256 1294 3328 lho-

342 3359 494 3440 magiurn
509 3367 544 3424 et
559 3359 760 3424 fidelitatem
777 3360 869 3426 fecit.

379 3558 489 3610 'Nuntii
499 3562 587 3622 infecto
596 3563 732 3626 negotiand
744 3565 803 3613 Gal·
827 3566 857 3614 of
870 3567 910 3616 his
926 3567 1111 3630 disagreement
1126 3570 1189 3618 with
1204 3570 1293 3634 Philip

342 3631 390 3681 lias
408 3634 566 3697 remearant]
591 3634 645 3682 The
662 3634 761 3684 Annals
778 3634 807 3683 os
828 3651 871 3686 are
888 3637 999 3687 detailed
1016 3640 1051 3700 by
1062 3639 1151 3700 Brito3
1172 3642 1293 3692 Rec.des

344 3701 478 3763 Waverley
497 3703 547 3750 and
568 3704 664 3752 Burton
684 3704 748 3752 have
765 3719 803 3753 re·
829 3707 1048 3770 Hiraxriipso.
1067 3709 1191 3771 Compare
1199 3711 1294 3762 Chron.

344 3773 436 3820 corded
446 3788 462 3821 a
472 3773 531 3835 long
540 3773 659 3836 dialogus
671 3789 700 3823 as
711 3774 805 3836 having
829 3777 861 3826 de
870 3777 898 3827 S.
910 3778 1000 3842 Derris,
1011 3793 1038 3839 p.
1050 3783 1108 3830 899.

344 3842 421 3890 taken
429 3843 502 3902 place
511 3844 625 3892 between
633 3844 745 3906 thehing
753 3845 805 3892 and
874 3851 877 3855 ’

344 3911 386 3960 the
406 3906 493 3974 pope’s
514 3912 615 3974 legate3
641 3914 740 3975 Tyrrell
759 3915 805 3963 has
864 3910 1295 3982 ⁸Hrmngr'urnetfidelitotemsecr't.]

345 3982 419 4044 given
430 3997 463 4030 an
473 3982 621 4031 abstractos
628 3984 703 4047 it,ii1.
713 3988 806 4049 pido,
830 3984 882 4034 His
898 3983 997 4034 chartei·
1013 3984 1043 4033 oi
1056 3984 1173 4048 homage,
1191 4002 1220 4036 ns
1238 3989 1294 4037 also

344 4067 407 4114 seqq.
830 4054 885 4104 that
896 4054 925 4105 of
933 4055 1002 4104 John
1013 4055 1039 4104 in
1049 4055 1090 4105 his
1101 4055 1201 4119 favour,
1210 4072 1255 4108 are
1266 4059 1293 4106 in

379 4120 489 4181 upon
500 4123 637 4186 exprim]
653 4123 706 4172 The
716 4140 806 4175 causes
830 4127 933 4188 Rymer,
943 4142 969 4189 p.
982 4130 1039 4189 1⁰4,
1049 4141 1098 4191 req.
