2858 4876
309 371 392 442 280'
567 389 702 436 rosum
726 388 773 435 nn
796 383 1002 436 wunnovnr

150 560 205 601 w
217 559 272 600 ¹2¹⁴-
311 547 476 613 ditionem
499 546 695 629 compulsos
717 538 753 610 in
767 537 913 613 vinculis
928 545 1169 624 abduxerunt3
1187 535 1263 608 'Ara

311 648 398 711 riam
426 666 564 730 quoque
587 647 763 711 obsidione
789 646 960 711 vallantes
987 644 1265 729 subjugaverunt

312 753 348 811 et
363 747 443 829 igne
460 747 733 811 combusserunt.
759 741 761 747 ’
787 740 950 810 Castrum
970 753 1086 809 autem
1101 744 1144 808 de
1159 744 1264 808 Liens

312 848 374 928 per
390 846 554 910 insultum
573 853 749 928 ceperunt,
766 852 802 909 et
817 846 945 910 multos
964 845 1090 908 ibidem
1110 863 1266 926 pereme-

314 946 395 1010 r'unt
418 953 453 1011 et
478 946 662 1010 nonnullos
695 951 818 1027 captos
848 946 885 1009 in
912 941 1083 1009 carcerem
1108 943 1264 1008 detruse·

314 1045 415 1125 runt3
442 1052 638 1128 terramque
656 1044 834 1122 Lodovici,
850 1044 912 1108 filii
931 1045 1023 1126 regis
1039 1044 1267 1120 Francorum,

315 1146 351 1208 in
371 1145 529 1228 partibus
551 1145 620 1209 illis
642 1146 742 1227 gravi
764 1139 1031 1227 depopulatione
1054 1142 1264 1207 afflixerunt.

317 1245 398 1309 Rex
414 1246 531 1309 autem
548 1243 572 1308 J
575 1244 728 1309 ohannes
750 1245 786 1307 in
809 1244 865 1308 die
884 1243 1134 1326 purificationis
1154 1244 1267 1307 beatae

311 1345 455 1422 -Mariae,
473 1345 587 1408 missis
603 1344 752 1408 Romam
768 1363 830 1426 pro
854 1337 1071 1408 relaxatione
1092 1343 1268 1408 interdicti

317 1445 458 1522 nuntiis,
481 1444 574 1526 apud
594 1443 849 1521 Portesmuthe,
869 1445 990 1525 regina
1006 1442 1143 1521 comite,
1160 1433 1269 1506 naues

317 1544 484 1621 ascendit,
510 1551 545 1608 et
567 1544 658 1607 infra
680 1543 754 1607 dies
778 1562 909 1626 paucos
934 1544 970 1607 in
996 1562 1100 1606 mann
1126 1543 1207 1608 forti
1233 1534 1269 1606 et

314 1644 473 1708 exercitu
494 1662 620 1723 magno
642 1643 811 1726 applicuit
829 1636 942 1726 ¹apud
962 1635 1172 1725 Rupellam}
1199 1662 1269 1724 quo

314 1743 451 1820 audito,
468 1750 638 1808 venerunt
654 1743 697 1807 ad
715 1763 792 1806 eum
812 1743 913 1807 multi
935 1745 1082 1808 barones
1099 1742 1269 1807 Pictaviae

320 1849 355 1906 et
386 1841 588 1907 fidelitatem
622 1843 673 1907 illi
702 1841 920 1926 juraverunt.
974 1842 1109 1907 Deinde
1140 1862 1202 1906 rex
1233 1840 1270 1904 in

320 1962 424 2007 manu
454 1941 536 2008 forti
559 1942 782 2025 progrediens
813 1943 962 2025 plurima
989 1942 1133 2006 castella
1158 1941 1273 2005 inimi-

315 2046 438 2107 jcorum
457 2063 597 2107 suorum
618 2049 777 2125 potenter
796 2042 1019 2125 subjugavit3
1044 2041 1103 2105 sed
1124 2034 1202 2123 qnae
1223 2032 1271 2105 ibi

321 2145 422 2225 gesta
449 2150 542 2220 sunt,
563 2143 622 2226 qui
647 2142 782 2224 plenius
807 2161 909 2207 nosse
934 2142 1118 2218 desiderat,
1140 2142 1273 2219 literas,

315 2244 410 2325 -quas
424 2242 629 2327 justiciariis
645 2241 717 2308 suis
739 2242 782 2306 dc
802 2243 976 2307 scaccario
998 2241 1137 2317 direxit,
1156 2241 1273 2322 legere

317 2344 392 2407 non'
408 2343 556 2407 omittat.
575 2363 577 2367 ·

318 2492 322 2506 ’
349 2517 494 2602 Epistola
511 2519 591 2604 repis
602 2517 759 2583 Joleuuo'r
772 2518 809 2581 de
825 2516 944 2582 actibus
957 2517 1022 2580 suia
1035 2517 1070 2580 ia
1086 2516 1249 2581 Pictavio.

163 2669 321 2712 annuatur·
334 2643 337 2647 ’
369 2641 408 2706 ‘J
412 2636 590 2720 ohannes,²
601 2643 668 2706 Dei
683 2643 809 2725 gratia,
823 2649 858 2706 et
868 2649 1005 2706 caetera.
1030 2641 1155 2705 Sciatis
1168 2639 1275 2722 quod,

163 2722 305 2820 ‘tillim‘
325 2761 403 2805 cum
426 2742 574 2805 instaret
598 2743 765 2806 terminus
791 2751 1003 2824 treugarum,
1026 2760 1113 2822 quas
1134 2760 1276 2804 conces·

326 2860 481 2904 seramus
503 2841 685 2905 comitibus
707 2842 874 2906 Marchiae
897 2848 932 2905 et
952 2842 993 2905 de
1013 2840 1119 2922 Augi,
1142 2859 1205 2903 nec
1224 2840 1279 2902 in-

327 2941 539 3006 venissemus
574 2941 609 3003 in
642 2942 708 3012 eis
725 2960 845 3023 pacem
886 2942 985 3020 nobis
1023 2939 1277 3022 expedientem,

326 3039 566 3104 transtulimus
580 3060 644 3105 nos
661 3041 716 3104 die
727 3040 875 3106 Veneris
887 3031 1045 3123 proximo
1058 3049 1140 3103 ante
1152 3039 1278 3103 Pente·

327 3134 447 3204 costen
462 3159 540 3204 cum
556 3134 711 3204 exercitu
729 3149 848 3205 nostro
859 3151 970 3223 usque
980 3140 1185 3216 Mierevent,
1199 3158 1278 3202 cas·

328 3235 420 3303 trum
444 3238 603 3303 Gaufridi
625 3240 667 3303 de
691 3239 862 3318 Lepidam
888 3247 923 3304 et
936 3239 1018 3304 licet
1039 3239 1237 3303 crederetur
1258 3258 1280 3302 a

322 3339 484 3420 ⁴pluribus
509 3333 604 3422 ⁴quod
627 3340 704 3422 capi
726 3360 796 3404 non
817 3347 936 3423 posset
957 3360 1020 3422 per
1040 3339 1220 3415 insultum,
1243 3339 1279 3401 in

329 3435 480 3502 crastino
514 3445 641 3515 tamen,
669 3439 705 3502 in
733 3440 855 3522 vigilia
887 3447 1017 3504 sanctae
1048 3438 1281 3514 Pentecostis,

329 3537 404 3602 solo
436 3537 567 3602 insultu
597 3557 618 3601 a
645 3557 745 3603 mane
778 3559 887 3622 usque
914 3539 958 3602 ad
986 3538 1105 3601 horam
1133 3537 1280 3620 primam

329 3635 413 3701 illud
437 3637 590 3719 cepimus
611 3638 790 3702 violenter.
856 3639 923 3702 Die
946 3657 1028 3701 vero
1053 3633 1282 3701 Pentecostes

323 3737 526 3801 obsedimus
558 3737 652 3800 aliud
678 3746 830 3802 castrum
855 3738 964 3820 ipsius
988 3735 1159 3814 Gaufridi,
1188 3737 1282 3816 quod

322 3967 326 3974 ‹
369 3934 456 3999 ¹Apud
474 3938 622 4001 Repellnm.]
652 3938 733 3987 There
751 3953 794 3987 are
820 3943 873 3999 tou,
892 3894 968 3987 dated
988 3938 1119 4000 Roehelle,
1134 3939 1176 3988 the
1189 3940 1241 3988 ath
1257 3941 1287 3990 o's

330 4011 381 4055 two
398 4007 484 4055 letters
502 4008 531 4056 of
545 4007 623 4069 John,
640 4012 666 4056 to
682 4009 724 4057 the
741 4009 793 4057 earl
820 4009 910 4060 March
924 4011 987 4056 1214
996 4023 1005 4066 ;
1024 4009 1098 4069 Rym.
1110 4010 1128 4058 i.
1140 4024 1166 4070 p.
1180 4013 1236 4062 118.

330 4077 450 4138 marshal,
469 4077 519 4126 and
537 4076 579 4126 the
599 4082 667 4126 town
680 4077 709 4126 of
726 4079 793 4128 Gan·

331 4148 443 4210 terbum,
453 4163 486 4196 on
497 4143 537 4197 his
553 4163 671 4210 progress
687 4149 713 4196 in
731 4149 792 4197 l'oi·
853 4143 1023 4217 ²dehereias]
1042 4150 1144 4214 Rymer,
1156 4151 1174 4200 i.
1186 4166 1212 4212 p.
1227 4154 1283 4200 123.
