2858 4876
437 410 576 459 neonus
600 411 870 461 nrsronisnuu.
1082 395 1126 458 85

171 564 413 655 profuderant,
426 567 611 654 salubriter
626 576 824 655 parcentes,
846 568 911 631 sub
930 567 1122 651 certamine
1133 577 1189 620 w·
1201 581 1257 620 1¹⁹⁴-

172 660 323 746 quinque
347 667 497 730 virorum
527 666 712 731 hincinde
743 667 983 731 dirimerentur
1010 686 1124 749 quaes·

171 764 281 827 tiones
309 767 498 844 amborum,
524 766 778 831 considentibus
811 766 909 848 regni
939 767 1120 848 utriusque

170 865 381 947 principibus
397 871 433 931 et
449 865 499 930 rei
516 874 679 931 eventum
693 866 989 948 exspectantibus,
999 864 1121 944 donec,

171 964 334 1027 conflictu
364 965 560 1042 terminato,
594 964 845 1048 adjudicarent,
871 965 953 1048 quid
983 966 1120 1047 utrique

171 1078 300 1145 regum
322 1063 442 1127 cedere
475 1063 519 1129 de
542 1064 623 1148 jure
650 1063 798 1128 deberet.
852 1063 991 1128 Placuit
1013 1083 1120 1146 supra
1169 1090 1173 1097 ¹

172 1161 310 1226 modum
338 1163 492 1245 provisio
516 1163 585 1227 ista
600 1161 793 1246 Anglornm
823 1165 907 1246 regi,
935 1163 1119 1228 dummodo

170 1281 233 1325 rex
262 1262 475 1329 Francorum
507 1264 648 1344 quintus
679 1264 771 1327 inter
797 1281 879 1327 suos
903 1270 940 1327 et
960 1281 1024 1327 rex
1043 1260 1119 1325 An·

167 1361 307 1442 glorum
333 1361 450 1425 itidem
471 1362 561 1433 inter
586 1381 668 1426 suos
693 1362 835 1444 quintus
864 1369 1043 1445 appareat,
1067 1370 1118 1439 ut,

169 1461 319 1542 paritate
349 1468 491 1533 servata
520 1480 701 1545 corporum
732 1470 768 1525 et
800 1479 984 1538 armorum,
1018 1480 1120 1543 aequa

169 1559 266 1629 lance
292 1560 504 1642 confligant3
527 1560 620 1643 quod
643 1580 706 1624 rex
733 1560 945 1625 Francorum
972 1560 1009 1622 in
1036 1561 1117 1624 sub-

167 1660 407 1727 sannationem
422 1660 606 1724 multorum
620 1679 724 1741 agere
741 1661 926 1725 recusavit.
979 1658 1048 1723 His
1068 1660 1118 1724 ita

169 1759 289 1839 gestis,
318 1759 547 1824 mediantibus
571 1760 655 1824 viris
676 1759 859 1841 religiosis,
886 1767 1018 1841 treugae
1045 1766 1118 1825 sta-

167 1865 253 1922 tutae
281 1865 362 1921 sunt
385 1859 475 1924 inter
499 1879 598 1941 reges
622 1859 834 1923 Francorum
855 1866 890 1924 et
909 1858 1116 1942 Anglorum,

166 1956 228 2024 sed
258 1960 470 2026 commeatui
497 1958 752 2067 negotiatorum
779 1959 860 2022 binc
895 1959 975 2023 inde
1009 1959 1116 2023 inter

168 2056 298 2120 dictum
315 2063 380 2128 est.
1093 2084 1095 2091 ·

260 2231 372 2299 Utres
388 2229 570 2296 Richardus
579 2252 642 2317 per
654 2230 806 2317 Aoplium
823 2238 1030 2299 torneamento

561 2331 714 2396 metuerit.

219 2445 362 2519 Eodem¹
394 2462 548 2536 tempore
570 2474 633 2517 rex
667 2450 901 2518 Richardus
892 2470 928 2514 rn
950 2449 1115 2532 Angliam
1128 2463 1230 2553 {lgm

168 2552 340 2616 transiens
375 2553 499 2617 statuit
535 2573 597 2636 per
630 2553 708 2616 loca
745 2558 842 2616 certa
875 2558 1115 2619 torneamenta
1129 2564 1231 2613 henne

166 2652 251 2727 fiori,
274 2650 339 2719 bac
362 2651 519 2716 fortassis
546 2652 708 2717 inductus
737 2652 883 2727 ratione,
917 2656 957 2714 ut
986 2650 1113 2715 milites

164 2751 263 2832 regni
288 2750 439 2834 undique
466 2759 707 2815 concurrentes
732 2751 823 2815 vires
851 2769 934 2813 suas
956 2748 1057 2813 flexis
1079 2751 1115 2812 in

162 2870 289 2932 gyrum
313 2850 418 2913 frenis
443 2851 694 2932 experirentur,
717 2857 768 2927 ut,
791 2849 823 2915 si
843 2849 970 2913 bellum
993 2848 1115 2913 adver.

161 2969 225 3023 ,sus
254 2948 365 3013 crucis
392 2949 549 3013 inimicos
572 2950 628 3013 vel
653 2951 758 3014 etiam
782 2948 947 3012 finitimos
976 2967 1114 3013 movero

161 3048 391 3126 decreverint,
414 3048 576 3130 agiliores
609 3048 652 3112 ad
676 3048 835 3131 praelium
857 3054 893 3110 et
915 3047 1113 3110 exercitati·

162 3167 241 3211 ores
273 3147 506 3215 redderentur.
572 3147 642 3212 His
677 3148 782 3211 etiam
813 3144 933 3209 diebus
965 3142 1113 3208 Alexius

163 3247 316 3327 quidam,
340 3246 514 3314 Manuelis
541 3246 714 3328 quondam
736 3243 1113 3325 constantinopolitani

163 3344 381 3425 imperatoris
411 3345 515 3423 filius,
547 3344 766 3408 multitudine
781 3417 784 3422 ,
799 3350 1008 3406 armatorum
1030 3361 1112 3406 con-

163 3450 322 3523 gregata,
341 3442 486 3520 Cursac,
503 3462 593 3507 nunc
610 3442 851 3525 imperatorem
867 3439 1113 3506 Constantino.

164 3542 368 3623 politanum,
394 3542 566 3606 hostiliter
594 3560 795 3623 aggressum
821 3539 917 3623 cepit
938 3546 974 3603 et
994 3559 1111 3603 excoe-

164 3642 268 3718 cavit,
282 3648 396 3722 atque
418 3641 557 3708 tandem
579 3640 827 3704 ementulatum
848 3644 1015 3722 perpetuo
1039 3657 1112 3702 car,

160 3759 241 3803 cere
256 3741 436 3809 damnavit
450 3740 594 3825 ejusque
609 3738 790 3822 imperium
807 3736 1001 3819 occupavit.

193 3963 307 4086 :figam
326 3961 453 4034 tempora]
477 3964 669 4033 Newburgbfl
653 3962 757 4030 v.§;4
781 3963 914 4025 Hoveden,
937 3961 988 4011 and
1010 3954 1111 4025 Diceto,

161 4051 192 4084 co
1096 4083 1099 4087 .
