2858 4876
352 366 417 432 242
608 381 742 429 noonnr
767 383 814 430 nn
837 382 1044 431 wunnovnn

192 568 246 608 nn.
257 567 314 606 1212.
353 541 427 625 ipse
444 548 480 606 et
493 559 709 605 successores
727 541 782 605 sui
805 560 949 623 regnum
967 539 1106 622 Angliae
1123 538 1205 622 jure
1226 555 1305 620 per-

353 648 459 725 petuo
473 641 688 725 possiderent
700 661 710 722 3
733 642 871 724 scripsit
885 642 1025 724 insuper
1035 641 1192 704 omnibus
1205 657 1304 718 mag-

355 742 507 819 natibus,
536 741 715 818 militibus,
742 742 890 823 aliisque
917 741 1142 805 bellatoribus
1164 758 1227 821 per
1254 738 1306 801 di-

355 861 475 907 versas
499 841 656 906 nationes
680 841 889 918 constitutis,
917 848 958 904 ut
977 840 1021 904 ad
1050 839 1142 922 regis
1170 836 1306 919 Anglo·

358 961 435 1005 rum
454 941 680 1026 dejectionem
698 960 774 1005 sese
794 960 897 1005 cruce
914 940 1104 1023 signarent,
1119 956 1307 1020 regemque

359 1043 572 1107 Francorum
594 1042 630 1105 in
647 1041 713 1106 bac
731 1041 951 1123 expeditione
975 1041 1097 1104 ducem
1119 1044 1304 1121 sequentes

357 1142 535 1207 vindicare
562 1141 725 1225 injuriam
750 1141 956 1206 universalis
985 1140 1139 1206 ecclesiae
1166 1137 1307 1201 labora·

358 1249 435 1305 rent
450 1262 459 1320 ;
487 1241 610 1306 statuit
632 1248 812 1324 praeterea,
829 1248 868 1304 ut
885 1241 1092 1323 quicumque
1107 1238 1149 1303 ad
1169 1256 1306 1319 expug-

359 1341 510 1404 nandum
525 1359 642 1423 regem
656 1341 754 1404 illum
771 1348 1008 1405 contumacem
1030 1358 1114 1422 opes
1134 1336 1310 1418 impende·

358 1443 428 1504 rint
446 1441 500 1505 vel
517 1441 698 1517 auxilium,
720 1441 811 1504 sicut
831 1440 883 1504 illi
905 1441 966 1524 qui
987 1437 1207 1524 sepulchrum
1233 1437 1309 1502 Do·

359 1541 442 1619 mini
456 1541 612 1616 visitant,
632 1548 704 1604 tam
730 1541 767 1602 in
789 1540 892 1604 rebus
913 1559 1018 1621 quam
1039 1539 1075 1602 in
1097 1536 1256 1619 personis
1274 1543 1310 1599 et

359 1641 552 1703 animarum
574 1639 747 1720 suffragiis
760 1641 797 1702 in
813 1658 899 1722 pace
921 1639 1075 1703 ecclesiae
1097 1636 1209 1700 securi
1230 1655 1309 1718 per-

358 1746 533 1804 maneant.
585 1738 654 1802 His
670 1739 721 1802 ita
737 1740 857 1821 gestis,
875 1739 969 1803 misit
989 1738 1148 1802 dominus
1169 1755 1265 1818 papa
1288 1755 1310 1799 a

358 1831 467 1901 latere
489 1833 552 1902 suo
573 1831 834 1921 ¹Pandulphum
857 1839 1104 1902 subdiaconum
1124 1837 1169 1900 ad
1191 1842 1311 1918 partes

360 1936 562 2002 Gallicanas
575 1957 653 2001 cum
669 1937 927 2021 archiepiscopo
944 1946 979 2001 et
993 1936 1164 2020 episcopis
1186 1954 1307 2017 supra·

359 2037 474 2114 dictis,
497 2045 536 2101 ut
563 2039 600 2102 in
625 2038 734 2119 ipsius
759 2038 945 2120 praesentia
966 2057 1020 2115 ea,
1042 2055 1120 2120 quae
1148 2035 1308 2117 superius

359 2136 496 2219 digesta
509 2145 601 2215 sunt,
615 2144 844 2220 exsequatur3
862 2137 923 2201 sed
938 2135 1166 2218 Pandulphus
1180 2155 1203 2198 a
1215 2154 1309 2218 papa

359 2237 534 2315 recedens,
556 2239 698 2302 remotis
725 2239 894 2315 omnibuS,
917 2236 1148 2302 secretissima
1170 2235 1309 2299 ‘allocu-

359 2338 455 2402 tione
469 2337 672 2415 sciscitavit,
689 2339 719 2401 si
737 2337 825 2401 forte
846 2338 883 2401 iu
904 2357 986 2419 rege
1002 2336 1198 2418 Anglorum
1219 2334 1312 2398 fruc

360 2444 433 2500 tum
456 2438 672 2519 poenitentiae
696 2437 880 2515 inveniret,
900 2437 951 2501 ita
970 2437 1061 2519 quod
1078 2435 1184 2500 vellet
1206 2434 1310 2498 satis-

359 2536 474 2600 facere
497 2537 648 2602 Domiuo
676 2544 711 2600 et
731 2535 885 2601 ecclesiae
912 2536 1081 2601 Romanae
1103 2541 1209 2619 atque
1231 2535 1309 2598 aliis

360 2635 519 2700 omnibus
534 2636 577 2700 ad
587 2636 673 2700 illud
689 2637 866 2719 negotium
882 2637 1131 2719 spectantibus,
1146 2633 1311 2716 quid-sibi

359 2734 440 2798 inde
454 2735 529 2798 lieri
544 2736 708 2818 placeret.
753 2735 852 2799 Tunc
863 2755 955 2820 papa
973 2733 1180 2818 Pandulpbo
1198 2753 1310 2816 quan·

359 2833 439 2897 dam
461 2836 558 2916 pacis
574 2835 720 2900 sormam
736 2835 913 2900 evidenter
928 2836 1112 2918 expressit,
1128 2833 1184 2897 cui
1199 2833 1231 2897 si
1246 2853 1310 2897 rex

360 2934 527 2997 assentire
543 2934 745 3012 decreverit,
758 2934 851 3018 apud
863 2934 978 2999 sedem
990 2933 1216 3017 apostolicam
1228 2952 1310 3015 gra·

361 3032 446 3096 tiam
470 3032 598 3114 poterit
620 3035 783 3099 invenire.
836 3033 926 3099 Haec
948 3041 1063 3099 autem
1086 3033 1182 3115 pacis
1196 3031 1310 3097 forma

359 3131 502 3196 inferius
518 3133 692 3216 descripta
709 3133 915 3198 continetur.

359 3302 409 3368 De
431 3304 535 3369 reditu
557 3306 790 3370 Cantaurianos
810 3270 1032 3391 archispiscopo
1056 3315 1083 3370 et
1102 3304 1311 3390 optumrum

411 3424 432 3467 o
450 3403 517 3468 sede
533 3404 710 3489 apostolico,
734 3415 762 3470 et
783 3405 819 3470 de
840 3415 934 3470 morte
953 3405 1109 3489 Golsrt'di,
1129 3402 1312 3470 Eboracu-

409 3502 453 3565 oio
466 3503 698 3589 archicpiscopi.

197 3647 348 3736 pqqrppihe
411 3625 517 3691 Anno
530 3628 672 3691 Domini
687 3645 846 3692 uccxnr.
863 3647 925 3692 rex
940 3627 1119 3692 lohannes
1132 3627 1177 3691 ad
1195 3628 1312 3692 natale

196 3747 351 3796 stennonopor
361 3726 503 3790 Domini
521 3727 633 3791 tenuit
651 3729 784 3792 curiam
802 3747 900 3792 suam
924 3727 1016 3812 apud
1036 3727 1310 3792 Westmonaste

198 3798 335 3849 mmm
361 3827 449 3888 rium
479 3846 556 3890 oum
585 3846 696 3909 pauco
727 3827 911 3892 admodum
941 3828 1090 3891 militum
1115 3826 1309 3904 comitatu;

360 3946 430 4009 quo
447 3927 552 3990 etiam
568 3933 722 4009 tempore
741 3926 933 4006 Galsridus,
953 3927 1180 3991 Eboraoensis
1198 3927 1312 3990 arohi-

396 4100 608 4168 ¹Pandulptum.]
632 4105 685 4154 The
705 4106 867 4156 instructions
884 4107 913 4157 ol
926 4106 969 4156 the
986 4121 1052 4168 pope
1067 4110 1093 4154 to
1111 4106 1249 4168 Pandulph
1265 4121 1308 4156 are

361 4173 435 4234 given
448 4174 474 4222 in
486 4173 529 4223 the
541 4174 638 4223 Burton
649 4175 754 4225 Annuls.
