2858 4876
429 400 568 448 occurs
592 401 861 450 Hrsronrsnuu.
1049 386 1116 452 353

163 557 257 622 illius
283 557 405 638 patriae
434 557 665 623 defensionem
692 558 899 624 sufficerent.
951 559 995 623 In
1023 579 1114 642 pago
1128 579 1273 621 numu„

165 657 375 722 Eboracensi
397 678 509 722 rerum
533 667 569 724 et
591 667 781 723 castrorum
805 658 966 723 custodes
990 659 1115 724 consti-

165 759 233 822 tuit
253 756 446 821 Robertum
469 758 512 823 de
533 759 790 842 Veteri-ponte,
813 760 976 824 Brienum
994 759 1037 822 de
1056 760 1116 823 In·

165 859 242 921 sula
262 864 298 920 et
314 856 520 921 Gaufridum
547 858 588 922 de
607 858 705 936 Luci,
722 879 799 922 cum
816 860 957 922 armatis
975 860 1041 923 sibi
1059 879 1116 923 as·

165 957 323 1040 signatis.
362 957 551 1034 Willelmo,
575 959 692 1023 comiti
716 957 951 1036 Albemarliae,
974 959 1116 1024 tradidit

165 1063 317 1121 castrum
333 1057 375 1120 de
391 1057 625 1140 Rokingham,
642 1059 684 1122 de
702 1057 862 1136 Sauveia,
885 1066 921 1123 et
936 1058 1115 1122 castellum

166 1155 334 1220 Willelmi
361 1157 403 1220 de
433 1157 614 1236 Colevilla,
640 1158 732 1241 quod
759 1159 884 1222 Bibam
908 1159 1114 1241 appellatur.

167 1256 327 1320 Falcasio
350 1258 522 1322 commisit
543 1265 693 1322 castrum
717 1259 759 1323 de
782 1258 932 1337 Oxonia,
956 1259 999 1322 de
1022 1258 1115 1322 Nor-

165 1355 332 1432 bantona,
354 1357 396 1420 de
417 1357 599 1436 Bedelord,
623 1366 659 1422 et
678 1359 720 1423 de
739 1359 988 1440 Cantabregge.
1042 1359 1116 1422 Ra-

167 1455 298 1538 nulpho
318 1456 535 1521 Teuthonico
566 1458 708 1522 tradidit
734 1459 914 1523 castellum
942 1459 984 1523 de
1012 1459 1118 1522 Berc-

168 1555 368 1635 hamstede3
403 1565 438 1621 et
460 1566 611 1622 castrum
634 1559 677 1622 de
700 1559 869 1623 Hertford
890 1558 1047 1622 Waltero
1074 1559 1117 1622 de

168 1655 381 1734 Godarville,
399 1657 501 1722 militi
515 1658 558 1722 de
572 1658 703 1722 familia
718 1658 880 1724 Falcasii.
917 1657 985 1721 His
999 1659 1117 1740 itaque

168 1763 203 1820 et
220 1756 297 1820 aliis
316 1756 475 1821 omnibus
492 1757 598 1822 totius
620 1760 719 1840 regni
736 1756 875 1841 Angliae
891 1758 985 1822 dedit
1002 1777 1063 1821 rex
1080 1760 1118 1821 in

167 1856 352 1934 mandatis,
372 1864 423 1934 ut,
440 1858 530 1923 sicut
547 1878 693 1940 corpora
712 1860 853 1941 propria
868 1867 903 1922 et
918 1877 983 1921 sua
1000 1859 1118 1921 omnia

169 1956 372 2038 diligebant,
397 1977 452 2021 res
479 1978 597 2022 omnes
622 1958 803 2036 baronum,
828 1967 943 2023 castra
972 1957 1117 2034 scilicet,

168 2056 324 2134 aedificia,
343 2057 457 2135 villas,
473 2077 609 2139 parcos,
626 2059 771 2135 vivaria,
788 2065 915 2140 stagna
937 2064 972 2121 et
987 2057 1119 2120 molen-

167 2156 260 2234 dina,
278 2157 564 2239 quemadmodum
579 2158 654 2240 ipse
665 2158 740 2242 jam
756 2159 945 2241 inceperat,
962 2158 1030 2239 ipsi
1045 2177 1117 2221 rem

167 2256 340 2339 inceptam
363 2257 467 2320 simili
489 2257 584 2321 rabie
606 2265 905 2338 consummarent3
936 2257 1050 2333 atilli,
1067 2278 1118 2321 re·

167 2357 234 2438 giis
257 2377 325 2420 non
345 2358 422 2420 ausi
443 2376 637 2439 repugnare
658 2359 843 2432 mandatis,
862 2358 899 2420 in
926 2357 1026 2420 rebus
1051 2358 1117 2421 sibi

167 2456 332 2540 injunctis
347 2457 398 2520 ita
413 2458 616 2534 saeviebant,
631 2458 722 2539 quod
746 2458 788 2521 de
811 2465 1010 2539 magnatum
1034 2456 1118 2520 aedi·

168 2556 232 2620 bus
249 2558 404 2620 achonis
431 2557 520 2634 aliis,
543 2558 676 2620 cunctis
699 2557 928 2634 cernentibus
950 2556 1116 2620 lamenta·

166 2657 237 2720 bile
252 2657 488 2739 spectaculum
510 2657 753 2739 praebuerunt3
778 2657 896 2738 sicque
910 2676 972 2720 rex
983 2657 1115 2741 depar-

170 2756 261 2820 tibus
290 2757 461 2840 aquilonis
486 2757 619 2820 rediens
642 2758 692 2820 ita
715 2777 787 2820 suae
805 2757 977 2821 voluntati
1001 2756 1117 2821 omnia

169 2855 352 2938 disposuit,
370 2855 462 2940 quod
479 2857 540 2921 vix
555 2857 623 2920 duo
646 2856 844 2938 municipia,
860 2856 895 2919 id
912 2864 977 2934 est,
996 2856 1116 2920 Munt-

170 2956 260 3019 sorel
283 2964 318 3020 et
341 2956 434 3019 aliud
455 2955 546 3038 quod
565 2955 630 3019 suit
648 2956 794 3020 Roberti
817 2956 859 3020 de
880 2956 955 3020 Ros
972 2957 1008 3020 in
1024 2955 1117 3020 Ebo-

169 3056 302 3119 racensi
324 3056 514 3138 provincia,
537 3057 574 3118 in
596 3063 769 3137 potestate
791 3057 959 3120 baronum
981 3074 1117 3118 reman-

168 3164 298 3220 serunt.
351 3155 420 3219 His
436 3156 595 3218 omnibus
611 3156 807 3237 regionibus
821 3155 1008 3219 miserabili
1024 3154 1118 3218 caede

168 3256 334 3332 subactis,
357 3275 419 3337 per
440 3255 589 3319 confinia
604 3254 744 3319 Walliae
767 3254 936 3318 australes
956 3254 1119 3318 tendebat

169 3355 213 3418 ad
230 3362 359 3437 partes,
383 3357 442 3418 ubi
462 3355 497 3418 in
513 3354 646 3418 cunctis
666 3355 732 3418 sibi
755 3353 1018 3417 adversantibus
1041 3373 1118 3417 cru·

169 3453 291 3518 delitet
308 3455 499 3519 desaeviens
522 3454 622 3539 plura
644 3454 860 3518 inimicorum
880 3473 1020 3517 suorum
1042 3472 1119 3516 cas·

169 3560 225 3618 tra
241 3554 376 3619 obsedit
394 3562 429 3619 et
444 3556 548 3637 cepit,
571 3573 717 3635 quorum
732 3553 890 3636 quaedam
906 3553 1118 3628 subvertere,

168 3653 339 3737 quaedam,
362 3654 533 3736 impositis
554 3654 684 3717 viribus
712 3659 935 3731 armatorum,
964 3654 1028 3717 sub
1055 3671 1120 3715 sua

168 3759 341 3835 potestate
357 3753 501 3836 redegit.

232 3929 282 3992 De
298 3928 605 3993 recommendatione
619 3928 654 3992 ὥσι
670 3925 796 3991 barones
812 3926 928 3991 latmia
943 3925 1048 4012 specie.

220 4053 321 4118 Circa
336 4052 408 4117 dies
425 4054 512 4117 istos
536 4071 691 4116 summus
711 4050 868 4134 pontifex
883 4052 1030 4113 barones
1049 4047 1122 4112 An·
1134 4065 1180 4105 τι
1161 4065 1263 4156 ⁰0enon

169 4152 260 4235 gliae,
285 4172 372 4234 quos
410 4154 505 4236 prius
533 4153 895 4216 excommunicaverat
920 4150 956 4211 in
983 4167 1121 4231 genere,
1133 4126 1246 4216 emmor

219 4269 298 4316 von
319 4270 373 4316 ιιι.
910 4248 971 4314 2ιι

1209 4118 1280 4158 munl-
