2858 4876
342 381 387 445 66
600 396 733 445 uocum
757 397 805 445 nu
827 396 1034 445 wnuncvua

365 626 456 702 Quod
469 627 551 694 idem
566 646 657 693 rena
669 626 776 692 meltis
789 624 990 690 inimicorum
1005 642 1131 688 enorum
1142 623 1287 689 'insidiis

748 725 887 789 evaserit.

188 865 244 906 uu.
255 864 311 905 1¹⁹2
399 843 495 915 Rex¹
520 848 716 914 Richardus
737 867 815 912 cum
834 845 1009 911 nonnullis
1027 862 1170 929 suctum
1191 844 1312 909 nimia

188 916 454 1013 xiim-maris
482 954 687 1030 tempestate
714 954 864 1011 vexatus
892 964 955 1028 per
980 963 1046 1009 sex
1073 944 1310 1025 septimanas,

348 1065 427 1110 cum
455 1046 651 1111 devenisset
677 1064 795 1109 versus
823 1043 1029 1108 Barbariam
1059 1041 1163 1105 trium
1186 1041 1310 1107 veli-fi·

349 1145 486 1209 cutione
504 1145 637 1208 dierum
661 1162 683 1209 a
706 1143 866 1209 Marsilia
888 1142 1034 1217 distans,
1055 1147 1091 1205 et
1112 1140 1207 1204 famu
1225 1161 1309 1207 cre-

349 1245 527 1308 brescente
544 1242 621 1326 jam
641 1243 863 1323 cognovisset
887 1239 1046 1305 comitem
1068 1239 1180 1305 sancti
1199 1240 1308 1322 AEgi·

351 1341 411 1418 dii,
427 1361 562 1407 necnon
581 1348 617 1407 et
634 1349 777 1405 cunctos
796 1339 980 1422 principes,
1001 1357 1064 1421 per
1078 1357 1165 1421 quos
1181 1344 1308 1405 trans·

240 1458 243 1463 ·
350 1440 463 1505 iturus
484 1447 572 1517 eret,
592 1446 715 1506 contra
737 1459 815 1504 eum
840 1436 1047 1502 unanimiter
1067 1436 1308 1518 conspirasse,

352 1538 507 1620 sequaci
526 1538 654 1620 ubique
673 1537 817 1603 insidias
835 1536 1034 1612 tetendisse,
1050 1535 1224 1618 disposuit
1240 1556 1311 1619 per

352 1636 602 1707 Thentenicam
617 1637 765 1701 latenter
779 1635 987 1718 repatriare3
1002 1627 1173 1716 ²velisque
1187 1642 1309 1701 retor-

353 1735 400 1799 tis
423 1755 500 1799 cum
526 1736 646 1817 paucis
672 1755 825 1812 suorum,
846 1732 1049 1799 Baldewino
1068 1732 1230 1799 videlicet
1254 1735 1307 1805 do

355 1832 507 1909 Bethun,
521 1841 558 1896 ct
577 1835 743 1914 magistro
760 1833 923 1915 Philippo
939 1832 1065 1897 clerico
1081 1851 1158 1909 suo,
1173 1829 1308 1903 Auset-

354 1948 479 2012 moque
496 1924 691 2013 ³capellano
709 1933 798 2017 eius,
815 1951 892 1995 cum
915 1931 1120 2013 quibusdam
1134 1930 1311 2001 tronione

353 2028 503 2111 Templi,
516 2031 553 2093 in
570 2031 726 2112 partibus
743 2031 916 2095 Slavoniee
933 2029 976 2093 ad
990 2029 1110 2094 villum
1124 2029 1310 2112 quandam

353 2129 494 2193 nemine
525 2128 697 2193 Gazaram
726 2129 945 2211 appulerunt,
976 2128 1037 2209 qui
1064 2127 1182 2193 statim
1212 2149 1311 2197 uuna

355 2227 441 2291 tium
463 2227 507 2293 ad
536 2229 732 2310 proximum
761 2229 948 2308 dirigentes
977 2227 1158 2291 castellum
1179 2246 1312 2308 pacem

353 2333 391 2389 et
417 2326 625 2399 conductum
662 2327 854 2399 adomino
889 2324 1076 2408 provinciae
1107 2325 1214 2403 illius,
1240 2330 1311 2411 qui

352 2443 464 2506 nepos
484 2424 623 2490 exstitit
644 2425 828 2501 marchisii,
850 2422 1082 2506 postularunt.
1134 2422 1217 2489 Rex
1238 2443 1311 2497 au,

357 2529 426 2585 tem
444 2523 479 2587 in
497 2523 610 2591 reditu
628 2542 691 2587 suo
710 2530 780 2588 tres
799 2522 932 2604 lapides
951 2523 1133 2604 pretiosos,
1148 2525 1308 2590 carbun-

356 2619 453 2683 culos
481 2622 623 2698 scilicet,
649 2640 736 2704 quos
758 2621 884 2702 vulgus
910 2620 1045 2683 ‘rubin'
1067 2621 1259 2703 appellant,
1284 2644 1313 2691 a

353 2717 505 2799 quodam
531 2718 661 2785 Pisano
682 2720 842 2783 bizantiis
864 2727 1127 2801 comparaverat
1148 2739 1315 2802 noegeu,

358 2815 421 2895 tis3
445 2836 591 2899 quorum
605 2838 723 2895 unum,
737 2820 819 2882 dum
833 2824 925 2882 esset
940 2818 975 2882 in
993 2817 1085 2894 navi,
1102 2818 1139 2882 in
1154 2811 1312 2890 *enemo

358 2933 462 2979 aureo
488 2916 681 2993 includens,
703 2917 801 2981 illum
823 2917 961 2982 domino
987 2917 1121 2981 castelli
1144 2936 1208 2998 per
1228 2918 1312 2987 dic-

356 3018 430 3077 tum
446 3015 605 3079 nuntium
619 3015 820 3079 transmisit.
855 3013 1106 3079 Percunctatus
1117 3034 1199 3081 veno
1215 3035 1314 3083 uun·

357 3111 469 3185 tiusa
491 3112 629 3177 domino
653 3113 733 3191 loci,
759 3113 899 3196 quinam
925 3121 1042 3177 essent
1068 3113 1128 3195 qui
1150 3114 1312 3183 conduc.

356 3215 431 3273 tum
450 3212 627 3292 petebant,
641 3212 829 3292 respondit,
847 3213 1045 3294 peregrinos
1061 3230 1137 3277 cssc
1153 3212 1198 3275 ab
1217 3211 1311 3281 Hie-

356 3307 530 3389 rosolyma
548 3309 742 3373 redeuntes,
794 3309 928 3373 Deinde
948 3310 1087 3373 nomina
1109 3329 1228 3377 eorum
1249 3312 1313 3379 in.

356 3405 495 3487 quirens
511 3425 533 3469 a
550 3407 682 3483 nuntio,
699 3408 887 3489 respondit,
903 3413 914 3442 ‘
928 3408 1028 3472 Unus
1042 3428 1160 3475 eorum
1174 3408 1311 3479 Batne-

356 3503 467 3567 winus
495 3504 539 3567 de
571 3504 686 3568 Betun
715 3507 918 3588 appellatur,
950 3506 1038 3570 alter
1063 3526 1145 3581 vero
1170 3501 1309 3590 'Hugo

392 3651 463 3702 'Rex
475 3653 634 3718 Reiorum]
648 3645 820 3719 Co'ggeshale,
838 3658 867 3706 os
880 3658 976 3721 Bleise,
985 3659 1028 3707 the
1044 3659 1101 3720 ring
1114 3672 1146 3706 on
1162 3658 1203 3707 his
1219 3660 1307 3722 finger

355 3723 474 3772 coisse.
572 3751 574 3755 ν
835 3728 984 3776 discovered
994 3728 1103 3776 himtoa
1113 3727 1305 3780 mauwhohad

391 3787 529 3860 ²Velisque
546 3792 672 3856 retortia]
698 3794 741 3843 He
767 3800 814 3857 put
838 3796 930 3844 known
946 3796 987 3846 his
1003 3810 1094 3858 person
1110 3801 1137 3845 at
1151 3795 1229 3861 Aere,
1245 3801 1305 3849 and

356 3859 422 3909 bach
436 3859 630 3921 firsttoCoriu3
647 3862 710 3912 ibid.
763 3893 768 3898 -
837 3863 895 3913 who
911 3867 1026 3926 reported
1037 3863 1107 3915 what
1122 3862 1154 3914 he
1169 3864 1222 3915 had
1236 3881 1307 3919 scen

392 3926 542 3990 'Capellam
560 3928 639 3993 eiua]
667 3931 732 3992 ‘qui
756 3932 811 3981 haec
836 3938 862 3981 to
884 3934 926 3982 the
948 3929 1041 3994 duke;’
1066 3933 1147 3995 Mille,
1165 3934 1194 3984 ii.
1211 3951 1238 3996 p.
1255 3941 1306 4002 ⁷5,

356 3998 533 4057 omnia'nobis,
546 4002 576 4045 ut
585 3999 649 4048 vidit
663 4003 688 4048 et
705 4001 811 4064 audivit,
834 4007 898 4050 nete.

333 4108 338 4113 .
356 4061 468 4125 retulit3'
485 4065 547 4114 ibid.
859 4069 954 4132 6Ηιιὲο
966 4072 1103 4134 merentem]
1115 4071 1175 4120 ‘He
1186 4071 1307 4134 disguis·

391 4132 525 4196 quoa]
539 4134 696 4197 ‘According
708 4140 733 4184 to
745 4136 813 4185 Otho
836 4140 868 4188 ed
887 4140 991 4189 himself
1010 4145 1035 4188 to
1057 4141 1088 4188 be
1111 4155 1157 4189 one
1175 4140 1265 4202 Hugo,
1286 4159 1307 4194 a
