2858 4876
403 412 542 461 ruonns
565 412 836 462 nrsronruuuu.
1030 395 1096 459 101

148 564 266 630 divino
289 567 489 649 proficerem
506 568 588 632 dum
609 570 644 632 in
667 568 732 633 hac
750 568 823 634 vita
846 569 989 653 ancipiti
1011 568 1228 670 duc-A·1>·¹d¹⁹⁰·

147 671 294 731 tuerem.
355 667 539 732 Continuis
563 670 682 750 itaque
706 670 798 733 votis
825 671 910 733 meis
933 668 1095 733 satisfieri
1104 633 1258 772 {diffie

145 764 298 846 cupiens,
315 786 407 830 nunc
425 766 613 831 Dominum
630 767 748 831 mundi
764 769 987 846 salvatorem,
1002 788 1096 832 nunc
1125 742 1162 772 Μ
1215 756 1221 770 ’

146 871 291 928 matrem
307 865 382 950 ejus
399 866 566 948 virginem
580 867 777 948 gloriosam,
794 856 884 931 nunc
900 867 1003 931 simul
1020 888 1093 932 om-

146 981 209 1026 nes
231 963 361 1028 electos
383 965 451 1030 Dei
472 966 690 1044 invocabam,
714 967 795 1031 licet
816 968 1012 1050 specialiter
1032 987 1096 1050 per

147 1061 427 1128 intercessionem
450 1065 593 1148 piissimi
610 1066 790 1149 sanctique
806 1066 1012 1131 confessoris
1029 1066 1064 1130 N
1065 1067 1097 1129 i-

144 1161 235 1226 colai
252 1181 426 1245 sperarem
443 1166 607 1247 consequi
628 1166 696 1247 piae
718 1165 895 1247 petitionis
911 1164 1093 1245 effectum3

147 1262 182 1325 et
198 1280 278 1326 ecce
294 1269 396 1327 nocte
411 1264 572 1346 quadam,
589 1264 787 1329 imminente
809 1264 1094 1347 Quadragesimae

145 1360 257 1440 initio,
285 1381 390 1445 quam
414 1364 572 1446 proxime
596 1365 838 1446 transegimus,
863 1364 946 1429 mihi
968 1364 1095 1447 paulu·

146 1459 217 1523 lum
233 1460 416 1527 dormienti
425 1463 561 1528 adstitit
571 1464 730 1545 quaedam
742 1464 930 1528 reverenda
945 1482 1095 1546 persona

147 1567 185 1624 et
207 1562 346 1626 omnino
369 1563 505 1640 decora,
522 1583 600 1645 quae
623 1582 677 1627 me
694 1565 807 1627 verbis
829 1563 1036 1627 dulcissimis
1058 1562 1094 1626 in

147 1657 237 1724 hunc
261 1661 399 1726 modum
422 1662 634 1744 aggreditur,
653 1662 707 1725 ‘O
731 1662 805 1738 fili,'
826 1663 997 1746 inquiens,
1013 1668 1094 1726 ‘ca-

146 1759 292 1839 rissime,
316 1761 427 1826 multa
449 1762 512 1826 tibi
532 1769 585 1826 est
605 1761 769 1844 precandi
792 1763 931 1827 devotio
948 1780 1094 1844 magna-

147 1877 215 1940 que
240 1860 442 1925 intentionis
472 1868 541 1925 tuae
574 1863 844 1944 perseverantia,
873 1882 936 1926 nec
967 1861 1094 1944 poterit

148 1959 240 2041 apud
260 1959 476 2025 clementiam
495 1961 736 2044 Redemptoris
752 1960 911 2026 inefficax
926 1980 1002 2025 esse
1022 1967 1094 2024 tam

146 2059 332 2123 continuus
363 2060 528 2124 orationis
559 2067 629 2123 tuae
663 2068 834 2140 conatus3
868 2066 1095 2125 veruntamen

147 2159 271 2223 amodo
293 2159 409 2223 animo
438 2159 597 2241 quietiori
623 2166 698 2224 esto
721 2166 756 2224 et
777 2159 924 2223 orationi
948 2159 1095 2222 devotus

147 2257 280 2337 insiste,
302 2259 385 2341 quia
402 2259 522 2340 procul
542 2258 646 2322 dubio
666 2259 733 2341 piae
753 2257 928 2341 petitionis
950 2257 1095 2321 celerem

146 2359 366 2441 consequeris
383 2356 563 2422 effectum!
608 2358 666 2436 Et,
681 2358 735 2421 his
753 2358 865 2436 dictis,
888 2357 1095 2439 alloquentis

146 2456 262 2542 imago
278 2478 357 2523 curn
373 2458 450 2540 ipso
466 2464 520 2522 est
535 2457 653 2521 ablata
670 2458 816 2539 sopore.'

141 2689 145 2695 .
212 2630 349 2713 Utt‘dem
362 2633 526 2697 monaulum
541 2653 660 2697 cracem
675 2631 805 2696 Domini
819 2630 955 2696 adorans
968 2650 1036 2693 eam

384 2732 648 2818 suupuioolentam
662 2731 856 2815 compererit.

139 2890 144 2903 ‹
197 2857 400 2940 ‘Evigilans
415 2863 531 2921 autem
545 2856 711 2921 visionem
728 2855 800 2919 fixo
816 2852 952 2919 servavi
968 2855 1096 2931 animo,

150 2956 363 3040 decursoque
380 2957 456 3040 jam
473 2976 536 3019 sex
555 2954 846 3019 hebdomadarum
870 2952 995 3036 spatio,
1018 2973 1096 3016 cum

147 3057 183 3119 in
200 3063 301 3120 nocte
316 3055 534 3119 Dominicam
561 3073 697 3118 coenam
719 3053 934 3136 praecedente
956 3052 1000 3115 ad
1023 3070 1096 3114 ma·

150 3156 281 3221 tutinas
305 3155 531 3220 surrexissem
555 3161 590 3218 et
610 3173 633 3218 a
652 3153 750 3218 vobis
768 3152 979 3235 disciplinas,
1006 3151 1098 3214 sicut

152 3256 368 3333 meministis,
385 3255 606 3338 accepissem,
629 3260 761 3318 tantam
778 3253 868 3315 inter
882 3251 956 3314 haec
972 3250 1097 3313 mentis

150 3355 364 3420 dulcedinem
381 3355 464 3418 mihi
478 3355 572 3418 sensi
588 3354 750 3428 infusam,
761 3352 853 3434 quod
871 3349 926 3413 die
941 3348 1098 3431 sequenti

151 3454 232 3521 dere
255 3455 389 3539 jugiter
415 3454 649 3518 dulcissimum
674 3451 792 3527 habui,
813 3452 903 3514 sicut
932 3468 994 3514 vos
1020 3468 1099 3530 pro-

149 3555 234 3637 priis
249 3554 359 3619 oculis
375 3553 618 3636 conspexistis.
658 3550 793 3616 Deinde
810 3555 910 3612 nocte
926 3548 1097 3630 proxima,

150 3655 185 3718 id
207 3660 260 3718 est
283 3653 491 3731 Parasceue,
513 3654 665 3716 instante
682 3651 757 3734 jam
780 3650 867 3713 hora
882 3666 951 3729 qua
968 3645 1011 3710 ad
1028 3666 1099 3710 ma-

152 3754 283 3818 tutinas
297 3753 506 3836 surgendum
524 3758 610 3829 erat,
620 3750 793 3833 placidum
808 3749 858 3813 fui
875 3747 1048 3810 resolutus
1063 3746 1099 3808 in

151 3873 331 3933 somnum;
355 3860 438 3916 tunc
453 3871 573 3916 vocem
593 3851 694 3928 hanc,
716 3849 832 3911 nescio
857 3848 957 3932 cujus
982 3845 1101 3908 minis-

139 3955 240 4019 ·terio
256 3952 420 4029 delatam,
435 3951 564 4028 audivi,
587 3947 742 4031 ‘Surge'
757 3947 880 4029 inquit,
893 3953 903 3980 ‘
916 3954 951 4010 et
965 3947 1100 4026 ingres·

152 4072 211 4118 sus
227 4051 416 4120 oratorium
432 4050 556 4114 accede
570 4050 614 4113 ad
638 4049 760 4125 altare,
782 4046 874 4130 quod
897 4045 932 4108 in
957 4063 1101 4109 venera-

153 4154 281 4218 tionem
304 4150 418 4215 sancti
440 4149 620 4214 Laurentii
642 4153 878 4213 consecratum
901 4152 966 4223 est,
990 4149 1024 4207 et
1049 4161 1102 4204 re-
