2858 4876
399 397 540 446 riorus
564 397 833 446 Hrsronmuun.
1048 381 1092 443 95

139 553 175 617 in
189 553 372 618 castellum
387 561 615 619 commutans.
656 553 789 618 Videris
806 560 922 618 autem
939 560 1094 637 postne·
1105 567 1160 608 A-D·
1171 569 1228 607 ¹¹⁹⁶-

138 652 221 716 dum
243 653 500 718 multitudinem
526 672 730 718 concurrere
754 661 980 732 armatorum,
1003 673 1093 736 quos

139 751 419 836 archiepiscopus
447 752 710 817 Cantuurieusis
735 752 942 830 adduxerat,
970 761 1011 818 ut
1038 754 1093 817 fu·

139 859 238 932 geret
252 859 398 918 mortem
412 853 479 917 sibi
494 853 701 936 proximam,
723 853 816 916 intra
831 853 998 935 templum
1016 853 1093 934 glo·

138 950 242 1015 riosae
257 952 403 1033 virginis
426 951 541 1034 ignem
568 951 716 1034 conjecit
741 959 777 1016 et
803 950 916 1016 locum
942 952 1093 1016 Domino

141 1059 379 1115 consecratum
416 1050 564 1114 flammis
596 1049 868 1115 discurrentibus
903 1070 967 1132 pro
992 1058 1094 1134 parte

142 1150 342 1214 combussit.
394 1149 586 1214 Extractus
608 1150 748 1215 tandem
775 1150 819 1213 ab
842 1149 990 1214 ecclesia
1014 1170 1094 1233 per·

142 1249 267 1314 ductus
296 1256 351 1313 cst
381 1250 426 1313 ud
458 1250 580 1313 turrim
614 1249 890 1314 Iaondouiensem
923 1250 1094 1314 calculum

141 1355 286 1431 portans
316 1347 546 1426 diffinitivum,
579 1353 626 1426 et,
651 1355 692 1412 ut
721 1349 824 1412 unius
853 1367 958 1431 poena
980 1356 1093 1413 metus

142 1448 254 1531 possit
269 1466 346 1512 esse
363 1448 562 1526 multorum,
573 1448 725 1530 proceris
741 1447 897 1512 vestibus
911 1448 1094 1530 spoliatus,

142 1547 301 1611 manibus
332 1567 354 1612 e
382 1556 483 1630 tergo
510 1548 636 1629 uinctis
666 1554 701 1611 et
731 1548 877 1630 pedibus
906 1547 1094 1631 colligatis,

143 1666 309 1730 equorum
328 1647 519 1712 ministerio
545 1665 608 1730 per
630 1646 778 1729 mediam
792 1647 971 1733 civitatem
985 1646 1094 1711 trabi-

143 1753 201 1811 tur
215 1747 260 1809 ad
280 1747 396 1812 furcas
418 1765 525 1830 prope
548 1746 790 1825 Tiburcinam3
812 1739 1018 1829 ¹suspensus
1041 1754 1094 1811 est

141 1847 261 1930 itaquo
276 1845 396 1911 ferreis
412 1845 557 1924 catenis,
578 1853 614 1910 et
635 1865 713 1910 cum
731 1866 772 1910 eo
793 1864 917 1910 novem
938 1845 1092 1929 ejusdem

144 1946 341 2012 schismatis
361 1953 552 2023 consortes,
570 1952 621 2023 ut,
638 1964 725 2028 quos
746 1964 811 2027 par
829 1946 963 2010 facinus
982 1945 1096 2028 inqui-

144 2052 302 2124 naverat,
331 2044 453 2110 similis
482 2063 587 2128 poene
615 2045 791 2110 multaret.
841 2044 973 2109 Eodem
1003 2063 1095 2110 auno

142 2144 337 2223 Iohannes,
359 2145 655 2227 Rotbomagensis
674 2144 838 2221 decanus,
856 2137 1095 2226 ²episcopatus

143 2244 399 2328 wigorniensis
420 2264 546 2309 munus
571 2243 839 2310 consecrationis
861 2244 1013 2325 suscepit
1034 2243 1094 2306 de·

143 2344 234 2410 oimo
256 2343 359 2410 tertio
382 2344 549 2408 kalendas
575 2344 796 2409 Novembris.
848 2340 978 2407 Eodem
1003 2362 1095 2407 anno

144 2464 208 2509 rex
220 2442 416 2525 Anglorum
437 2444 634 2509 Richard'us
656 2442 806 2508 firmavit
828 2441 1010 2507 castellum
1032 2462 1096 2506 no·

145 2562 238 2608 rum.
255 2544 292 2607 in
321 2537 459 2608 ³insula
485 2543 528 2607 de
555 2540 697 2619 Andeli,
727 2549 850 2607 contra
878 2541 1095 2607 voluntatem

144 2643 305 2720 walteri,
323 2642 616 2724 Rotbomagensis
643 2642 916 2725 archiepiscopi3
939 2648 987 2718 et,
1010 2660 1097 2723 quo·

145 2742 237 2808 nium
256 2762 320 2806 rex
343 2761 437 2824 saepe
461 2741 656 2806 admonitus
676 2741 721 2804 ab
744 2741 907 2824 incoeptis
930 2739 1097 2806 desistere

145 2841 268 2919 noluit,
284 2841 562 2923 archiepiscopus
582 2839 750 2923 praelatus
771 2839 1022 2905 Normanniam
1044 2846 1097 2904 to·

146 2948 217 3006 tam
241 2942 307 3006 sub
334 2940 519 3006 interdicto
543 2940 724 3017 conclusit,
743 2947 779 3004 et
801 2940 851 3005 sic
870 2938 1001 3004 curiam
1024 2937 1099 3002 Ro·

147 3058 285 3105 manem
302 3039 421 3106 adivit

223 3212 344 3280 Dc
357 3216 499 3301 captione
514 3215 663 3302 anonis
678 3213 715 3279 de
733 3211 950 3278 &eleemonis

199 3328 348 3402 Eodem*
364 3355 503 3421 quoque
523 3357 628 3416 anne,
643 3337 738 3401 facta
755 3298 997 3418 congressione
1010 3334 1101 3398 mter
1113 3347 1214 3397 nurus
1187 3401 1233 3435 mn

184 3728 340 3800 ‘Suspensus
356 3741 393 3785 est
410 3735 546 3800 itaque.]‘
554 3728 630 3785 Sus-¹
641 3734 757 3784 secrated
782 3738 810 3782 at
838 3733 906 3781 llum
930 3734 1023 3795 abbey,
1045 3746 1105 3781 near

149 3820 244 3869 pensus
253 3811 294 3855 cst
303 3806 359 3868 ita:
377 3807 408 3854 G.
643 3805 763 3865 london,
781 3803 882 3864 Diceto,
892 3802 942 3851 col.
953 3807 1012 3852 684.

184 3872 364 3940 ’Episcopatus
394 3872 588 3936 Wigorsienm5
606 3874 617 3937 ]
679 3870 943 3934 'lmuludedndeltJ
971 3872 1106 3928 Heroden,

150 3945 274 4008 probably
297 3944 365 3993 ior‘
375 3945 511 4042 episeopus
535 3943 618 3992 faetus
643 3959 669 4004 p.
688 3948 745 3993 768
788 3942 913 4004 Compare
936 3940 1137 4002 Ooggesbnle,

150 4008 351 4078 wigorniensis}
357 4015 401 4064 or‘
403 4015 619 4099 inepiseopatum
643 4012 692 4061 col.
703 4016 761 4062 840.

151 4083 352 4147 wigorniensem
358 4077 472 4132 electus.
494 4083 556 4131 'l'brs
564 4096 619 4130 was
677 4078 786 4130 ⁴Ecdem
802 4096 893 4144 queque
910 4094 982 4130 uuna.
991 4078 1003 4140 ]
1022 4077 1107 4127 Hore-

149 4154 258 4204 Jobnds
270 4154 432 4214 Cuutauees,
449 4152 481 4200 be
492 4165 547 4200 was
561 4164 620 4200 cou-
644 4149 693 4199 den
695 4166 739 4212 ,.p
751 4155 809 4200 768.
