2858 4876
414 405 554 454 ruouns
578 404 848 453 ursronrnuuu.
1049 392 1114 457 221

162 561 253 630 sicut
264 562 432 628 hactenus
442 565 590 641 exstitit,
599 563 795 629 invenirent
807 568 842 627 et
852 564 1024 643 rebellem,
1036 586 1112 648 rega
1128 586 1182 626 un.
1193 584 1250 625 uu

164 681 247 726 num
263 661 404 746 Angliae
433 672 543 729 totum
566 666 630 729 sub
652 664 836 728 interdicto
860 665 1115 745 concluderent,

163 764 372 829 auctoritate
399 765 433 828 ei
457 765 649 849 apostolica
674 764 941 842 denuntiantes,
956 766 1058 848 quod,
1084 767 1116 831 si

164 880 225 945 per
239 863 307 928 hoc
319 865 547 948 pertinaciam
569 884 666 928 suam
692 884 760 927 non
782 863 923 927 duceret
943 867 1116 949 corrigen-

163 962 256 1041 dam,
281 963 356 1047 ipse
382 984 522 1029 manum
548 964 710 1028 adhibere
739 971 876 1027 curaret
897 966 1112 1046 graviorem3

164 1082 244 1126 cum
266 1084 407 1128 necesse
428 1066 475 1129 sit
497 1085 574 1129 enm
590 1066 739 1141 vincere,
758 1064 817 1147 qui
837 1084 900 1147 pro
924 1065 1037 1129 salute
1059 1086 1115 1130 ec·

166 1162 280 1228 clesiae
294 1171 427 1228 sanctae
443 1164 617 1229 diabolum
634 1172 668 1228 et
682 1164 827 1244 angelos
847 1164 922 1246 ejus
941 1165 1115 1230 debellans

163 1262 317 1328 claustra
333 1271 487 1328 tartarea
504 1264 677 1347 spoliavit.
729 1263 966 1344 Suffraganeis
978 1284 1116 1348 quoque

166 1360 428 1428 Cantuariensis
453 1365 607 1429 ecclesiae
635 1363 819 1446 episcopis,
844 1362 990 1445 aliisque
1022 1366 1115 1430 illius

165 1462 310 1528 diocesis
341 1464 508 1548 praelatis,
536 1465 572 1527 in
596 1464 723 1528 virtute
751 1462 955 1527 obedientiae
978 1485 1039 1546 per
1061 1486 1116 1530 se·

164 1563 218 1645 dis
241 1565 444 1647 apostolicae
469 1564 588 1628 literas
613 1563 798 1645 expressit,
824 1572 864 1627 ut
885 1565 1115 1647 archiepisco·

165 1683 247 1746 pum
261 1664 445 1747 praefatum
461 1664 643 1746 inpetrem
659 1663 872 1745 susciperent
884 1671 919 1728 et
930 1672 1115 1747 pastorem,

164 1763 266 1847 eique
281 1765 426 1829 caritate
442 1764 560 1828 dehita
576 1763 714 1828 obedire
729 1770 902 1828 curarent.

243 1937 286 2003 Ut
299 1938 421 2026 Acylla
436 1933 491 2004 sub
502 1939 643 2026 pauculi
657 1939 822 2004 interdicto
837 1939 879 2004 sit
893 1939 1043 2004 conclusa.
1107 1990 1111 1995 .

234 2063 496 2143 Londoniensis,
531 2065 680 2129 Eliensis
721 2072 827 2148 atque
862 2064 1116 2146 wigorniensis
1130 2089 1227 2150 regnu

164 2164 332 2249 episcopi,
363 2184 410 2228 ex
444 2165 599 2249 injuncto
636 2165 703 2229 sibi
740 2164 967 2247 delegationis
1004 2164 1116 2230 officio
1129 2141 1271 2230 liiidiiia.

163 2283 283 2346 regem
312 2264 336 2328 J
339 2264 508 2329 ohannem
538 2265 724 2342 adeuntes.
747 2265 1017 2347 mandatumque
1050 2266 1117 2329 sibi

162 2365 398 2447 apostolicum
423 2385 486 2448 per
513 2366 667 2429 ordinem
694 2371 920 2447 exponentes,
942 2364 1117 2428 humiliter

163 2463 423 2548 lachrymisque
452 2465 603 2548 profusis
639 2465 894 2547 supplicabant,
934 2472 1117 2547 quatenus,

168 2564 282 2629 Deum
305 2564 436 2629 habeus
464 2585 536 2649 prae
566 2565 686 2643 oculis,
709 2564 1005 2647 archiepiscopum
1027 2564 1116 2628 Can-

169 2664 378 2729 tuariensem
400 2672 435 2730 et
456 2665 644 2729 monachos
667 2665 711 2728 ad
735 2664 915 2729 ecclesiam
937 2684 1036 2728 suam
1062 2685 1116 2728 re·

168 2772 320 2842 vocaret,
341 2763 525 2829 honoraret
548 2773 583 2830 et
605 2784 664 2829 eos
685 2765 831 2829 caritate
863 2765 1015 2847 perlecta
1040 2764 1117 2829 dili·

164 2872 278 2946 geret,
303 2865 504 2928 scandalum
531 2866 706 2930 interdicti
736 2865 869 2929 evitare
899 2872 1048 2943 curaret,
1078 2873 1117 2929 ut

163 2984 229 3046 per
251 2964 316 3029 hoc
342 2966 529 3029 retributor
554 2966 754 3030 meritorum
781 2972 817 3028 et
836 2966 1026 3047 potentiam
1051 2965 1117 3027 sibi

161 3064 397 3149 multiplicare
421 3065 624 3146 dignaretur
650 3065 887 3147 temporalem,
913 3072 949 3128 et
972 3064 1117 3146 gloriam

168 3168 248 3249 post
258 3173 404 3229 mortem
418 3164 604 3246 largiretur
620 3165 695 3229 sine
706 3165 773 3228 fine
784 3183 993 3227 mansuram.
1014 3164 1117 3228 Cum,—

163 3284 235 3348 ·que
248 3265 353 3328 iidem
367 3265 520 3347 episcopi
534 3284 597 3347 pro
611 3264 688 3349 ejus
703 3264 818 3328 salute
834 3264 962 3327 vellent
980 3271 1116 3347 protra—

166 3364 249 3429 here
272 3384 480 3442 sermonem,
502 3384 564 3428 rex
588 3365 688 3448 quasi
709 3364 885 3428 iniuriam
899 3383 1020 3428 versus
1036 3383 1118 3427 con.

161 3473 224 3530 rra
241 3465 415 3530 dominnm
440 3484 567 3548 papam
586 3474 622 3528 et
639 3465 714 3548 ejus
735 3464 926 3528 cardinales
950 3463 988 3526 in
1011 3465 1118 3528 verba

168 3564 391 3650 blasphemiae
407 3564 576 3649 prorupit,
583 3564 706 3649 jurans
718 3584 779 3646 per
790 3564 910 3627 dentes
923 3563 1002 3641 Dei,
1012 3564 1117 3646 quod,

162 3667 203 3729 -si-
217 3664 286 3748 ipsi
307 3665 363 3732 vel
387 3665 446 3729 alii
468 3666 665 3749 quicunque
686 3683 774 3728 ausu
799 3665 981 3727 temerario
1006 3670 1117 3727 terras

156 3782 250 3829 -snas
259 3771 493 3848 supponerent
506 3765 701 3841 interdicto,
711 3765 786 3848 ipse
799 3763 1025 3828 incontinenti
1039 3764 1117 3826 uni·

167 3883 287 3930 versos
303 3864 442 3951 Angliae
459 3864 635 3947 praelatos,
658 3865 801 3929 clericos
822 3864 953 3947 pariter
975 3869 1010 3927 et
1025 3863 1117 3946 ordij·

154 3972 281 4043 natos,
301 3965 344 4028 ad
367 3983 493 4048 papam
519 3964 671 4028 mitteret
694 3974 729 4028 et
749 3966 841 4028 bona
862 3985 980 4029 eorum
1002 3964 1118 4027 omnia

167 4065 394 4144 confiscaret3
421 4063 519 4129 addit
536 4063 656 4141 etiam,
680 4057 786 4146 ¹quod
816 4064 993 4128 Romanos
1013 4080 1118 4145 quos-

451 4214 458 4247 ¹
470 4216 562 4279 Quod]
579 4211 738 4268 ‘Quoniam’
750 4216 776 4264 in
788 4216 845 4265 MS.
