2858 4876
399 409 538 458 riorus
561 410 831 460 uisroaranuu.
1047 395 1090 460 91

140 558 321 645 verba;‘¹‘
337 564 414 630 Nos
436 566 566 650 itaque,
589 568 650 649 qui
665 568 779 650 ipsum
802 587 919 650 regem
938 567 1089 634 Franco·
1102 582 1225 623 unere.

139 686 215 730 rum
248 665 446 748 specialiter
480 667 517 729 in
551 667 742 731 visceribus
773 668 902 733 nostris
934 669 1091 734 caritatis

139 765 327 847 diligimus,
349 785 412 848 per
433 765 597 830 dilectum
620 766 728 830 filium
751 774 908 832 nostrum
927 761 985 832 2(ἶ.
1009 771 1091 835 sub-

139 864 333 942 diaconum,
353 864 553 948 apostolicae
573 865 666 930 sedis
685 867 839 949 legatum
861 865 905 930 ad
927 867 993 932 hoc
1012 888 1093 952 spe·

139 963 273 1028 cialiter
294 963 450 1042 missum,
472 966 673 1047 rogavimus
695 965 853 1043 eundem,
874 973 914 1030 ut
936 967 1090 1049 reginam

139 1083 251 1142 suam,
265 1083 380 1146 ,quam
404 1083 427 1126 a
447 1083 485 1128 se
510 1065 654 1129 consilio
679 1065 797 1147 iniquo
823 1073 1014 1144 amoverat,
1039 1067 1090 1131 af·

140 1163 234 1228 fectu
249 1163 401 1228 maritali
418 1170 597 1242 tractaret,
613 1183 677 1229 nec
696 1165 766 1228 illis
784 1183 886 1230 aures
902 1185 1093 1231 accommo-

139 1263 223 1327 dare
239 1269 388 1341 curaret,
410 1264 470 1345 qni
493 1283 557 1345 pro
579 1263 676 1329 lucro
695 1271 869 1346 reputant,
885 1266 916 1329 si
932 1273 1092 1349 possunt,

140 1361 230 1428 inter
244 1362 379 1444 aliquos
394 1363 509 1427 odium
521 1369 558 1426 et
569 1363 776 1428 discordiam
789 1365 971 1430 seminare.
1004 1365 1092 1431 Inde

140 1468 207 1539 est,
227 1462 320 1545 quod
339 1461 437 1525 illam
458 1462 599 1526 divortii
621 1465 842 1540 senteutiam,
864 1472 984 1529 contra
1001 1465 1092 1548 juris

141 1561 295 1625 ordinem
312 1561 497 1643 prolatam,
512 1561 555 1625 da
571 1560 716 1626 fratrum
734 1569 931 1627 nostrorum
947 1564 1092 1628 consilio

141 1661 279 1743 penitus
300 1660 489 1739 irritanteS,
509 1660 719 1726 fraternitati
736 1670 806 1727 tuae
821 1681 884 1744 per
900 1664 1092 1744 apostolica

141 1760 271 1842 scripta
292 1761 498 1824 mandamus
520 1760 664 1825 firmiter
689 1767 725 1825 et
750 1762 981 1844 praecipimus,
1005 1782 1091 1845 qua-

142 1867 255 1936 tenus,
274 1859 305 1922 si
326 1859 513 1943 praedictus
535 1879 611 1938 rex,
639 1860 708 1925 ista
730 1861 880 1937 vivente,
903 1861 1006 1925 aliam
1031 1881 1091 1925 su·

140 1958 326 2041 perducere
347 1959 508 2037 voluerit,
524 1978 589 2022 vos
611 1959 819 2024 auctoritate
841 1961 1034 2042 apostolica
1055 1960 1090 2024 id

141 2059 250 2124 eidem
265 2057 419 2122 inhibere
436 2051 587 2123 curetis?

164 2212 352 2298 'laeuo
359 2253 456 2319 popa
469 2230 617 2319 meropia
631 2232 757 2319 Acylla
764 2235 861 2319 sacto
868 2255 932 2320 pro
945 2231 1061 2320 arcolio

509 2342 598 2397 tarra
611 2343 732 2405 suada.

206 2455 311 2521 Circa
338 2455 412 2520 dies
443 2456 530 2520 istos
558 2475 650 2539 papa
679 2455 888 2521 Caelestinus
920 2455 1230 2569 Hubertofflpppa

144 2555 388 2621 Cautuarieusi
405 2555 676 2638 archiepiscopo,
692 2556 837 2639 ejusque
853 2555 1094 2637 suffraganeis,
1106 2572 1255 2664 {ellingrim

143 2675 206 2738 pro
236 2655 377 2738 negotio
403 2662 505 2719 terrae
533 2662 664 2718 sanctae
691 2655 830 2737 scripsit
855 2655 946 2719 iuter
968 2661 1095 2718 caetera
1105 2675 1161 2724 noy
1169 2673 1237 2713 usna

144 2755 180 2818 in
198 2754 291 2818 hunc
308 2753 470 2833 modum3
494 2746 521 2788 ³‘
536 2753 611 2818 Vos
634 2762 762 2832 autem,
778 2755 903 2818 fratres
924 2753 1094 2835 archiepi-

144 2872 249 2937 scope
266 2861 302 2918 et
321 2853 486 2935 episcopi,
503 2854 630 2935 quibus
649 2872 733 2917 cura
755 2854 946 2917 animarum
969 2860 1004 2916 et
1025 2849 1096 2915 sol·

144 2952 288 3019 licitudo
307 2952 491 3017 commissa
508 2959 573 3030 est,
592 2954 751 3034 precibus
770 2954 941 3016 instantes
958 2950 1003 3015 ad
1023 2951 1097 3014 Do-

144 3052 275 3115 minum
299 3051 515 3114 incessanter
540 3051 716 3135 subjectos
742 3051 842 3116 vobis
869 3051 1017 3134 populos
1041 3050 1095 3112 in·

145 3151 293 3227 ducatis,
314 3156 366 3226 ut,
391 3157 570 3232 assumpto
595 3151 708 3214 crucis
732 3151 926 3232 signaculo,
947 3150 992 3213 ad
1014 3169 1095 3213 con·

145 3249 308 3314 tutandos
327 3248 407 3313 fidei
430 3248 637 3314 Christianae
656 3256 893 3330 persecutores
912 3250 1097 3329 accingan-

146 3357 225 3429 tnr3
253 3367 432 3431 speramus
454 3348 623 3431 siquidem
645 3354 681 3412 et
702 3367 765 3412 vos
791 3366 930 3430 sperare
951 3347 1096 3423 debetis,

146 3448 238 3529 quod
261 3448 434 3512 Dominus
454 3447 491 3510 in
513 3449 619 3511 verbo
638 3447 896 3529 praedicationis
916 3454 950 3511 et
969 3446 1098 3510 oratio-

145 3548 199 3610 nis
214 3554 341 3612 vestroe
361 3554 435 3610 rete
454 3546 591 3611 laxabit
612 3545 649 3629 in
669 3554 862 3628 capturam,
884 3553 920 3610 et
941 3545 1029 3609 tales
1052 3544 1096 3608 ad

144 3645 376 3710 defensionem
400 3646 579 3709 orientalis
602 3646 790 3729 provinciae
814 3645 985 3728 propitius
1004 3644 1098 3707 exci-

146 3745 247 3822 tabit,
267 3764 413 3827 quorum
434 3745 549 3826 potius
571 3745 749 3825 exigentia
771 3745 970 3808 meritorum
992 3762 1097 3825 quam

181 3916 256 3970 ¹Nos
277 3914 381 3988 itaqua]
409 3920 463 3969 'l'he
488 3919 563 3968 letter
587 3919 610 3968 is
670 3917 744 3969 ⁸Vos
763 3914 865 3988 uatem]
891 3918 945 3968 'l'he
967 3919 1050 3968 whole
1072 3919 1102 3967 os

145 3991 171 4038 in
200 3990 302 4052 Diceto‚
325 3991 378 4039 dat.
407 3991 525 4039 lateran.
551 3989 610 4039 lath
636 3989 677 4037 the
688 3989 762 4038 letter
772 3990 795 4037 is
806 3991 880 4051 given
891 3990 925 4049 by
934 3989 1035 4051 Diceto,
1045 3989 1098 4038 dat.

146 4056 236 4108 March
243 4073 253 4120 ;
269 4060 318 4108 col.
329 4063 387 4109 682.
637 4059 755 4109 Laterau.
767 4060 827 4109 aeth
838 4058 912 4119 July.

179 4125 191 4159 ²
204 4126 248 4188 C.]
268 4123 369 4180 ‘Cant'
381 4129 481 4178 Diceto.
