2858 4876
421 416 560 465 ruonns
583 417 852 466 nisroninnun.
1047 404 1113 469 347

162 582 235 638 tum
265 575 515 640 Eboracensem
547 583 755 658 promotum,
782 577 942 660 quodque
969 577 1013 642 de
1035 597 1112 642 cas·
1127 596 1183 637 an.
1195 595 1253 636 121⁵.

162 682 217 738 tro
247 674 403 739 Roffensi
433 696 497 758 pro
523 676 635 760 ,libitu
666 677 906 760 disposuisset,
940 678 1113 742 elevatum

163 780 217 838 est
238 775 339 838 nimis
369 795 429 840 cor
459 775 546 860 ejus,
573 783 609 840 et
637 778 801 842 continuo
828 786 944 842 castra
970 797 1113 842 movens

163 874 253 956 apud
268 883 426 939 sanctum
437 875 612 940 Albanum
622 896 699 940 cum
712 877 933 942 festinatione
949 878 1112 960 perrexit.

165 974 335 1052 Quocum
352 976 579 1058 pervenisset,
600 985 771 1059 praesente
788 984 961 1044 conventu
978 979 1268 1083 capitu-peaffioot

164 1073 235 1138 lum
249 1076 405 1152 intravit,
420 1076 539 1140 literas
555 1076 597 1139 de
614 1069 1114 1160 suspensioneCantuariensis
1136 1044 1163 1083 ¹¹⁰
1211 1055 1224 1093 ⁸

165 1174 414 1258 archiepiscopi
434 1176 631 1240 memoriter
648 1179 785 1242 recitari
804 1179 898 1256 fecit,
914 1185 1115 1242 constanter

166 1275 310 1355 exigens
325 1295 347 1339 a
364 1283 550 1353 conventu,
573 1284 746 1359 qnatenus
768 1278 832 1341 sub
855 1277 1052 1341 testimonio
1070 1278 1116 1340 si-

166 1374 241 1455 gilli
256 1376 311 1438 sui
325 1374 481 1458 praefatae
497 1377 734 1459 suspensionis
749 1378 965 1441 confirmatio
981 1377 1023 1440 ad
1041 1396 1115 1439 om·

166 1493 226 1537 nes
243 1472 383 1556 Angliae
398 1477 659 1553 ecclesiastem
682 1477 898 1541 cathedrales
914 1496 1018 1559 quam
1034 1496 1117 1540 con-

167 1575 358 1651 ventuales
383 1575 591 1657 publicanda
604 1577 818 1657 mitteretur3
842 1577 934 1659 quod
949 1597 1027 1641 cum
1038 1597 1117 1658 gra-
1196 1604 1200 1609 ·

169 1680 283 1738 tanter
292 1693 313 1737 a
323 1683 496 1740 conventu
508 1695 710 1740 concessum
723 1678 1026 1754 fuisset,continuo
1037 1684 1117 1759 post

169 1775 359 1856 capitulum
376 1775 412 1838 in
429 1776 581 1840 claustro
597 1796 674 1840 cum
694 1779 814 1859 paucis
837 1777 1041 1840 consiliariis
1064 1796 1118 1839 se-

169 1875 274 1937 orsim
296 1874 460 1938 recedens
481 1875 663 1958 disposuit,
686 1877 835 1959 qualiter
852 1875 1009 1940 inimicos
1035 1895 1117 1939 suos

169 1981 350 2055 magnates
365 1972 504 2057 Angliae
526 1975 763 2054 confunderet,
782 1984 816 2042 ct
831 1974 1117 2060 quemadmodum

170 2075 298 2138 exteris
315 2075 525 2153 nationibus,
541 2095 619 2158 quae
638 2079 702 2141 snb
725 2079 801 2160 ipso
824 2077 1031 2153 militabant,
1054 2075 1117 2138 sti-

169 2173 294 2256 pendia
315 2174 522 2256 provideret.
574 2176 730 2240 Tandem
756 2197 819 2240 rex
842 2177 928 2241 duos
945 2177 1119 2240 ordinavit

103 2288 106 2293 ·
170 2274 355 2352 exercitus,
378 2281 430 2353 ut,
446 2275 616 2353 videlieet,
635 2296 678 2340 ex
696 2296 765 2340 uno
788 2277 955 2341 baronum
978 2276 1118 2358 irrupti-

171 2392 265 2451 ones,
292 2375 351 2455 qui
374 2375 409 2437 in
429 2377 513 2439 urbe
534 2376 791 2441 Londoniarum
812 2377 1047 2452 morabantur,
1064 2395 1119 2438 re-

172 2469 347 2555 primeret,
373 2481 408 2538 et
433 2496 478 2540 ex
505 2476 615 2540 altero
642 2478 716 2559 ipse
740 2476 956 2558 aquilonales
979 2474 1120 2556 Angliae

172 2574 369 2654 provincias
391 2575 564 2657 petiturus
587 2578 667 2658 igne
689 2576 792 2639 simul
815 2583 850 2639 et
868 2576 958 2639 ferro
974 2594 1121 2658 quaeque

173 2674 239 2736 sibi
255 2676 357 2739 obvia
373 2675 582 2739 conterendo
598 2676 739 2740 deleret.
798 2675 892 2740 Acta
909 2682 1023 2739 autem
1039 2680 1122 2738 sunt

172 2772 246 2837 baec
269 2774 361 2856 apud
387 2782 546 2839 sanctum
565 2775 739 2840 Albanum
760 2770 908 2840 ¹decimo
933 2775 1036 2839 tertio
1058 2773 1122 2837 ka-⁴

170 2874 291 2938 lendas
305 2873 477 2939 ianuarii.
512 2874 693 2940 Praeerant
707 2877 825 2960 itaque
836 2876 1003 2940 exercitui
1021 2894 1122 2957 quem

172 2973 311 3056 reliquit
328 2975 393 3038 viri
414 2975 611 3053 bellatores,
622 2970 699 3040 ²W.
715 2995 831 3041 comes
849 2974 1122 3050 Saresbiriensis,

173 3073 280 3138 frater
296 3074 405 3156 ipsius
421 3076 527 3157 regis,
547 3076 726 3140 Falcasius
743 3077 778 3139 in
799 3094 902 3157 opere
920 3075 1044 3138 martio
1061 3094 1122 3138 ex·

172 3180 301 3256 pertus,
330 3173 515 3239 Savaricus
542 3175 584 3240 de
613 3175 828 3240 Malo-leone
859 3194 936 3237 cum
967 3174 1121 3239 Pictavi·

172 3274 324 3350 ensibuS,
342 3273 538 3338 Willelmus
558 3276 711 3340 Briwere
736 3295 813 3339 cum
830 3281 906 3339 toto
929 3294 1031 3356 posse
1046 3294 1123 3350 suo,

173 3372 350 3437 Walterus
365 3383 596 3456 cognomento
615 3375 726 3452 Buck,
742 3376 802 3457 qui
819 3375 1019 3437 Brabantiis
1035 3392 1122 3455 prae-

172 3473 257 3552 fuit;
288 3473 428 3538 fuerunt
450 3475 562 3539 etalii
585 3495 662 3539 cum
685 3475 766 3552 illis,
790 3493 877 3556 quos
904 3492 1011 3536 causa
1041 3492 1123 3554 pro-

171 3571 318 3637 lixitatis
337 3573 381 3637 ad
398 3582 533 3657 tempus
548 3576 741 3657 exprimere
758 3574 994 3657 praetermitto.

208 3768 216 3801 ¹
229 3772 329 3822 Decimo
341 3773 414 3822 tertio
428 3774 543 3823 kabades
552 3775 634 3823 Jona-
694 3772 1054 3833 ²W.comesSoresbirieasis.]
1070 3773 1123 3822 The

172 3841 243 3906 crib]
263 3844 335 3891 From
352 3843 394 3891 the
411 3843 536 3904 Itinerary
549 3845 569 3891 it
587 3859 634 3905 ap·
660 3845 713 3893 eorl
724 3844 754 3892 of
766 3845 899 3906 Salisbnry
909 3843 960 3891 had
971 3844 1048 3904 lately
1060 3844 1123 3892 been

172 3927 246 3973 pears
254 3913 310 3961 that
319 3913 388 3962 John
394 3928 448 3961 was
455 3913 634 3962 atDunstable
660 3914 774 3963 released
786 3913 849 3962 from
858 3914 945 3975 prison
956 3914 983 3960 in
993 3913 1123 3974 exchange

173 3996 204 4030 on
216 3982 257 4030 the
269 3982 329 4032 loth
346 3982 375 4030 of
389 3983 539 4040 December,
556 3988 582 4032 at
597 3984 634 4032 St.
661 3983 700 4032 for
711 3985 807 4032 Robert
817 3983 993 4041 Fila-Robert,
1003 3985 1080 4032 count
1091 3982 1123 4029 de

172 4047 278 4101 Alban's
289 4067 321 4101 on
332 4052 374 4102 the
387 4053 445 4102 leth
457 4053 507 4101 and
520 4053 587 4103 loth.
661 4053 774 4117 Driwes,
785 4068 801 4101 a
812 4054 917 4102 relation
928 4052 957 4100 os
967 4051 1010 4101 the
1025 4051 1122 4100 French

662 4123 733 4186 king,
769 4124 816 4172 See
828 4124 887 4172 Pal.
901 4123 980 4184 Rolls,
991 4137 1017 4183 p.
1031 4126 1087 4171 140.
