2858 4876
393 407 531 454 ruonns
555 406 824 455 ursroumrtuur
1012 389 1078 452 359

160 631 318 709 ‚Qualiter
334 629 458 695 barones
475 630 600 716 duplice
616 630 814 694 hodowtonc
829 629 979 715 clegerunt
998 630 1033 694 ia

547 751 653 815 repom.

180 856 283 921 Circa
304 856 367 920 hos
387 855 535 938 denique
554 856 640 933 dics,
660 876 737 921 curn
760 857 906 919 barones
923 852 1076 937 Angliae,

130 957 190 1040 qui
216 957 291 1041 jam
323 957 440 1020 omnia
472 956 659 1020 amiserant
685 975 764 1038 quae
795 955 1001 1038 propensius
1040 954 1076 1016 in

130 1057 195 1120 boo
225 1056 342 1120 seculo
372 1055 574 1137 diligebant,
600 1056 691 1120 sieut
718 1075 762 1120 ex
793 1054 981 1137 praemissis
1004 1073 1076 1118 evr-

130 1156 251 1220 denter
268 1162 425 1238 apparet,
440 1155 549 1237 etqui
564 1175 660 1238 spem
677 1155 757 1220 boni
774 1154 924 1219 melioris
940 1154 1077 1236 penitus

130 1276 200 1319 non
230 1256 415 1332 habebant,
446 1261 486 1318 ut
511 1273 572 1337 per
601 1275 639 1319 se
668 1261 909 1337 recuperarent
936 1255 1077 1330 amissa,

130 1356 216 1419 tacti
249 1363 332 1419 sunt
366 1355 484 1419 dolore
519 1354 633 1419 cordis
666 1355 872 1419 intrinsecus
910 1360 957 1430 et,
994 1353 1076 1436 quid

131 1461 287 1536 agerent,
303 1447 543 1537 ¹ignorabant3
568 1454 706 1519 tandem
720 1448 908 1518 ²communi
925 1453 1077 1518 omnium

131 1554 377 1619 deliberatione
396 1555 569 1618 decretum
588 1561 653 1631 est,
671 1561 712 1619 ut
728 1554 878 1637 aliquem
900 1560 1077 1636 potentem

131 1654 167 1718 in
192 1674 308 1736 regem
338 1655 518 1736 eligerent,
544 1673 608 1736 per
635 1674 736 1736 quem
765 1653 900 1738 possint
923 1653 967 1718 ad
998 1672 1078 1735 pos-

132 1755 303 1819 sessiones
331 1762 367 1819 et
390 1755 568 1818 libertates
594 1754 758 1837 pristinas
789 1753 956 1830 revocari,
983 1772 1078 1816 oum-

131 1874 198 1937 que
223 1854 424 1937 aliquandiu
451 1873 554 1936 quem
578 1853 745 1935 eligerent
766 1852 998 1929 haesitassent,
1019 1851 1079 1916 de·

130 1974 224 2018 mum
253 1955 289 2018 in
314 1954 380 2019 hoc
409 1954 538 2037 pariter
565 1961 823 2032 consenserunt,
853 1960 893 2017 ut
920 1951 1079 2016 Lodowi·

133 2074 209 2118 cum
229 2055 336 2118 filium
355 2054 521 2137 Philippi,
537 2055 630 2137 regis
646 2055 870 2131 Francorum,
884 2052 951 2117 sibi
967 2052 1079 2134 praefi-

132 2162 250 2220 cerent
277 2162 312 2219 et
334 2155 447 2236 ipsum
471 2155 507 2217 in
537 2174 653 2237 regem
674 2154 815 2237 Angliae
841 2154 1078 2218 sublimarent.

134 2253 241 2318 Ratio
260 2261 376 2318 autem
396 2273 514 2319 eorum
533 2262 620 2332 erat,
638 2255 731 2337 quod
748 2253 979 2320 transmarina
994 2251 1080 2316 mul-

134 2353 258 2432 titudo,
283 2353 409 2436 quibus
438 2373 500 2418 rex
524 2353 721 2435 Anglorum
745 2355 897 2420 vallatus
926 2352 1080 2429 incessit,

133 2455 164 2518 si
186 2473 248 2537 per
271 2453 494 2518 Lodowicum
517 2460 553 2517 et
574 2461 709 2536 patrem
730 2474 843 2532 snum,
867 2453 909 2517 de
934 2471 1081 2535 quorum

134 2561 307 2636 potestate
327 2555 480 2618 maxima
502 2572 582 2635 pars
605 2574 723 2617 eorum
745 2554 823 2630 fuit,
847 2553 1005 2635 privatus
1026 2570 1081 2615 es-

134 2660 200 2730 set,
226 2653 306 2716 dum
329 2672 351 2717 a
373 2652 556 2718 cismarino
586 2653 701 2717 dictus
731 2674 794 2718 rex
822 2653 1017 2735 privaretur
1047 2658 1083 2716 et

135 2753 366 2816 transmarino
390 2753 557 2830 subsidio,
579 2753 654 2835 ipse
679 2754 780 2836 quasi
806 2753 901 2819 solus
928 2771 1082 2816 remane-

135 2860 188 2916 ret
215 2853 374 2916 imbellis.
428 2850 597 2935 Cumque,
618 2852 700 2917 licet
726 2854 899 2918 sententia
925 2852 1083 2916 omnibus

134 2952 333 3035 placuisset,
359 2952 527 3016 miserunt
550 2952 642 3034 [per]
666 2953 836 3018 solemnes
864 2952 1016 3028 nuntioS,
1045 2949 1082 3013 S.

135 3052 296 3116 videlicet
331 3052 490 3116 comitem
519 3051 796 3116 Wintoniensem
826 3059 862 3116 et
891 3052 1084 3115 Robertum

136 3152 419 3229 filium-Walteri,
438 3152 481 3216 ad
505 3171 620 3234 regem
637 3151 837 3235 Philippum
857 3158 892 3214 et
909 3150 954 3215 ad
971 3149 1083 3214 Lodo·

136 3253 259 3317 wicum
279 3252 387 3315 filium
411 3251 500 3336 ejus,
521 3251 641 3316 literas
668 3253 820 3315 omnium
846 3253 1014 3315 baronum
1038 3248 1085 3312 si-

136 3352 230 3434 gillis
252 3351 417 3429 munitae,
439 3353 601 3416 obnixius
627 3352 853 3436 implorantes
876 3358 1022 3434 patrem,
1045 3356 1086 3414 ut

136 3452 244 3514 filium
267 3451 421 3516 mitteret
437 3452 473 3514 in
495 3450 627 3534 Anglia
648 3460 883 3534 regnaturum,
912 3457 948 3514 et
963 3449 1085 3526 filium,

136 3558 176 3615 ut
198 3551 330 3616 veniret
356 3551 450 3615 illico
482 3552 711 3616 coronandus.
778 3552 855 3616 Nec
881 3569 991 3627 mora,
1024 3549 1085 3612 sed

172 3715 179 3746 ¹
192 3720 367 3784 Ignorahant.]
391 3720 467 3770 Paris
483 3720 543 3770 here
560 3721 598 3768 in·
623 3716 728 3771 Alban‘s
744 3723 853 3770 because
864 3720 906 3770 the
921 3719 1088 3770 abbotresus·

53 3791 55 3794 ’
136 3789 228 3852 dulgas
238 3791 265 3838 in
276 3806 344 3840 some
352 3807 413 3852 very
422 3795 508 3853 strong
519 3792 598 3840 abusa
623 3792 655 3841 ed
671 3797 696 3840 to
712 3793 820 3853 proceed
834 3790 898 3839 with
914 3790 957 3841 the
976 3790 1087 3839 celebra·

136 3861 165 3909 oi
172 3860 259 3921 John;
276 3861 339 3910 ‘Vae
351 3862 398 3911 tibi
408 3861 598 3921 Johannes,re-
623 3862 676 3910 tion
692 3861 721 3911 os
734 3861 818 3910 divine
834 3861 930 3910 service
946 3860 1038 3920 during
1054 3873 1088 3907 an

137 3946 196 3992 gum
212 3931 312 3979 ,ultime
334 3931 486 3993 Anglorum‚
507 3930 600 3991 princi·
624 3931 758 3992 interdict;
777 3931 901 3993 Records,
908 3931 936 3979 ii.
947 3944 973 3990 p.
983 3931 1041 3976 286.

136 4015 197 4062 pum
207 3997 441 4050 abominatiol'etc.
447 4016 455 4060 ;
468 4000 510 4048 the
518 3999 600 4060 origin
973 4005 977 4013 ·

137 4071 166 4120 of
179 4071 272 4133 which,
289 4071 425 4133 according
441 4073 467 4118 to
486 4070 562 4130 Pym,
578 4069 601 4117 is
660 4063 810 4116 ΩΟοηυηιιπὶ
842 4064 947 4115 omnium
973 4062 1089 4112 delibera·

137 4145 162 4189 to
174 4143 205 4190 be
217 4141 296 4190 found
308 4142 334 4190 in
345 4142 389 4190 the
405 4134 490 4202 king’s
507 4139 601 4200 having
626 4135 690 4185 tione
705 4139 827 4185 decretum
843 4129 903 4202 est]
920 4134 1006 4183 ‘Cum
1022 4131 1090 4183 omni

138 4211 223 4260 seized
235 4210 277 4259 the
294 4211 368 4260 lande
379 4211 429 4260 and
441 4210 523 4270 abbey
534 4207 563 4259 os
574 4208 601 4258 S.
626 4206 807 4256 deliberatione
819 4204 965 4266 decretum,’
978 4205 1009 4253 C.

1088 875 1143 915 Δ.1).
1156 875 1211 913 121⁶.

1088 925 1153 965 Loutr
1161 925 1186 963 ot

1088 975 1167 1014 Franco

1051 1054 1058 1068 .
1088 1026 1169 1065 elected

1088 1076 1141 1123 king
1150 1075 1176 1123 by

1089 1127 1125 1166 the
1134 1126 1215 1164 barone.
