<?xml version="1.0" encoding="UTF-8"?>
<!DOCTYPE html PUBLIC "-//W3C//DTD XHTML 1.0 Transitional//EN"
    "http://www.w3.org/TR/xhtml1/DTD/xhtml1-transitional.dtd">
<html xmlns="http://www.w3.org/1999/xhtml" xml:lang="en" lang="en">
 <head>
  <title>
</title>
<meta http-equiv="Content-Type" content="text/html;charset=utf-8" />
  <meta name='ocr-system' content='tesseract 3.04.00' />
  <meta name='ocr-capabilities' content='ocr_page ocr_carea ocr_par ocr_line ocrx_word'/>
</head>
<body>
  <div class='ocr_page' id='page_1' title='image "./rogeridewendove06rogegoog_0178.png"; bbox 0 0 2858 4876; ppageno 0'>
   <div class='ocr_carea' id='block_1_1' title="bbox 424 383 1118 450">
    <p class='ocr_par' dir='ltr' id='par_1_1' title="bbox 424 383 1118 450">
     <span class='ocr_line' id='line_1_1' title="bbox 424 383 1118 450; baseline 0 -1"><span class='ocrx_word' id='word_1_1' title='bbox 424 401 563 449; x_wconf 78' lang='lat' dir='ltr'><strong>rnonns</strong></span> <span class='ocrx_word' id='word_1_2' title='bbox 588 400 858 450; x_wconf 78' lang='lat' dir='ltr'><strong>ursronmnuu.</strong></span> <span class='ocrx_word' id='word_1_3' title='bbox 1052 383 1118 449; x_wconf 87' lang='grc'><strong>169</strong></span> 
     </span>
    </p>
   </div>
   <div class='ocr_carea' id='block_1_2' title="bbox 82 559 1253 3053">
    <p class='ocr_par' dir='ltr' id='par_1_2' title="bbox 82 559 1253 3053">
     <span class='ocr_line' id='line_1_2' title="bbox 166 559 1253 642; baseline 0.002 -20"><span class='ocrx_word' id='word_1_4' title='bbox 166 579 235 642; x_wconf 89' lang='lat' dir='ltr'><strong>quo</strong></span> <span class='ocrx_word' id='word_1_5' title='bbox 268 559 401 638; x_wconf 89' lang='lat' dir='ltr'><strong>audito,</strong></span> <span class='ocrx_word' id='word_1_6' title='bbox 429 581 492 625; x_wconf 84' lang='lat' dir='ltr'><strong>rex</strong></span> <span class='ocrx_word' id='word_1_7' title='bbox 514 582 592 626; x_wconf 93' lang='lat' dir='ltr'><strong>eum</strong></span> <span class='ocrx_word' id='word_1_8' title='bbox 614 561 836 625; x_wconf 86' lang='lat' dir='ltr'><strong>festinatione</strong></span> <span class='ocrx_word' id='word_1_9' title='bbox 861 561 897 624; x_wconf 91' lang='lat' dir='ltr'><strong>in</strong></span> <span class='ocrx_word' id='word_1_10' title='bbox 923 580 1025 624; x_wconf 90' lang='lat' dir='ltr'><strong>manu</strong></span> <span class='ocrx_word' id='word_1_11' title='bbox 1054 580 1116 642; x_wconf 91' lang='lat' dir='ltr'><strong>po·</strong></span> <span class='ocrx_word' id='word_1_12' title='bbox 1130 574 1253 616; x_wconf 61' lang='lat' dir='ltr'><strong>nonen</strong></span> 
     </span>
     <span class='ocr_line' id='line_1_3' title="bbox 165 659 1117 745; baseline 0.001 -22"><span class='ocrx_word' id='word_1_13' title='bbox 165 659 253 724; x_wconf 85' lang='lat' dir='ltr'><strong>tenti</strong></span> <span class='ocrx_word' id='word_1_14' title='bbox 275 661 331 725; x_wconf 92' lang='lat' dir='ltr'><strong>die</strong></span> <span class='ocrx_word' id='word_1_15' title='bbox 353 667 527 744; x_wconf 90' lang='lat' dir='ltr'><strong>noctuque</strong></span> <span class='ocrx_word' id='word_1_16' title='bbox 543 662 694 745; x_wconf 84' lang='lat' dir='ltr'><strong>spatium</strong></span> <span class='ocrx_word' id='word_1_17' title='bbox 717 661 967 744; x_wconf 79' lang='lat' dir='ltr'><strong>praetervolans</strong></span> <span class='ocrx_word' id='word_1_18' title='bbox 984 661 1117 725; x_wconf 89' lang='lat' dir='ltr'><strong>itineris</strong></span> 
     </span>
     <span class='ocr_line' id='line_1_4' title="bbox 165 759 1117 845; baseline 0.001 -22"><span class='ocrx_word' id='word_1_19' title='bbox 165 759 332 843; x_wconf 80' lang='lat' dir='ltr'><strong>longioris</strong></span> <span class='ocrx_word' id='word_1_20' title='bbox 360 762 464 826; x_wconf 93' lang='lat' dir='ltr'><strong>eitius</strong></span> <span class='ocrx_word' id='word_1_21' title='bbox 486 782 590 845; x_wconf 89' lang='lat' dir='ltr'><strong>quam</strong></span> <span class='ocrx_word' id='word_1_22' title='bbox 614 762 707 827; x_wconf 89' lang='lat' dir='ltr'><strong>credi</strong></span> <span class='ocrx_word' id='word_1_23' title='bbox 732 761 786 826; x_wconf 87' lang='lat' dir='ltr'><strong>sas</strong></span> <span class='ocrx_word' id='word_1_24' title='bbox 808 769 862 826; x_wconf 92' lang='lat' dir='ltr'><strong>est</strong></span> <span class='ocrx_word' id='word_1_25' title='bbox 884 761 926 825; x_wconf 92' lang='lat' dir='ltr'><strong>ad</strong></span> <span class='ocrx_word' id='word_1_26' title='bbox 953 760 1117 825; x_wconf 88' lang='lat' dir='ltr'><strong>Mirebel·</strong></span> 
     </span>
     <span class='ocr_line' id='line_1_5' title="bbox 165 860 1116 946; baseline 0.003 -23"><span class='ocrx_word' id='word_1_27' title='bbox 165 860 235 925; x_wconf 93' lang='lat' dir='ltr'><strong>lum</strong></span> <span class='ocrx_word' id='word_1_28' title='bbox 263 870 418 927; x_wconf 85' lang='lat' dir='ltr'><strong>castrum</strong></span> <span class='ocrx_word' id='word_1_29' title='bbox 435 863 606 946; x_wconf 86' lang='lat' dir='ltr'><strong>pervenit.</strong></span> <span class='ocrx_word' id='word_1_30' title='bbox 658 861 762 940; x_wconf 90' lang='lat' dir='ltr'><strong>Quod</strong></span> <span class='ocrx_word' id='word_1_31' title='bbox 786 882 864 926; x_wconf 91' lang='lat' dir='ltr'><strong>cum</strong></span> <span class='ocrx_word' id='word_1_32' title='bbox 889 861 1116 944; x_wconf 83' lang='lat' dir='ltr'><strong>Francigenee</strong></span> 
     </span>
     <span class='ocr_line' id='line_1_6' title="bbox 166 960 1116 1045; baseline 0.002 -21"><span class='ocrx_word' id='word_1_33' title='bbox 166 979 244 1025; x_wconf 90' lang='lat' dir='ltr'><strong>cum</strong></span> <span class='ocrx_word' id='word_1_34' title='bbox 273 960 553 1027; x_wconf 86' lang='lat' dir='ltr'><strong>Pictaviensibus</strong></span> <span class='ocrx_word' id='word_1_35' title='bbox 583 963 840 1045; x_wconf 80' lang='lat' dir='ltr'><strong>cognovissent,</strong></span> <span class='ocrx_word' id='word_1_36' title='bbox 868 961 1030 1026; x_wconf 84' lang='lat' dir='ltr'><strong>exierunt</strong></span> <span class='ocrx_word' id='word_1_37' title='bbox 1054 964 1116 1026; x_wconf 93' lang='lat' dir='ltr'><strong>ob·</strong></span> 
     </span>
     <span class='ocr_line' id='line_1_7' title="bbox 166 1061 1115 1146; baseline 0 -21"><span class='ocrx_word' id='word_1_38' title='bbox 166 1061 257 1125; x_wconf 89' lang='lat' dir='ltr'><strong>viam</strong></span> <span class='ocrx_word' id='word_1_39' title='bbox 284 1063 358 1145; x_wconf 81' lang='lat' dir='ltr'><strong>regi</strong></span> <span class='ocrx_word' id='word_1_40' title='bbox 380 1066 548 1146; x_wconf 80' lang='lat' dir='ltr'><strong>pomposo</strong></span> <span class='ocrx_word' id='word_1_41' title='bbox 571 1082 760 1145; x_wconf 85' lang='lat' dir='ltr'><strong>congressu</strong></span> <span class='ocrx_word' id='word_1_42' title='bbox 782 1082 859 1127; x_wconf 92' lang='lat' dir='ltr'><strong>cum</strong></span> <span class='ocrx_word' id='word_1_43' title='bbox 881 1063 957 1146; x_wconf 91' lang='lat' dir='ltr'><strong>ipso</strong></span> <span class='ocrx_word' id='word_1_44' title='bbox 979 1081 1115 1145; x_wconf 82' lang='lat' dir='ltr'><strong>pugna·</strong></span> 
     </span>
     <span class='ocr_line' id='line_1_8' title="bbox 166 1161 1115 1247; baseline 0.001 -22"><span class='ocrx_word' id='word_1_45' title='bbox 166 1162 256 1242; x_wconf 86' lang='lat' dir='ltr'><strong>tnri3</strong></span> <span class='ocrx_word' id='word_1_46' title='bbox 280 1161 353 1241; x_wconf 91' lang='lat' dir='ltr'><strong>sed,</strong></span> <span class='ocrx_word' id='word_1_47' title='bbox 367 1182 446 1227; x_wconf 89' lang='lat' dir='ltr'><strong>eum</strong></span> <span class='ocrx_word' id='word_1_48' title='bbox 468 1163 646 1247; x_wconf 84' lang='lat' dir='ltr'><strong>dispositis</strong></span> <span class='ocrx_word' id='word_1_49' title='bbox 669 1163 808 1227; x_wconf 80' lang='lat' dir='ltr'><strong>aciebus</strong></span> <span class='ocrx_word' id='word_1_50' title='bbox 830 1161 910 1227; x_wconf 94' lang='lat' dir='ltr'><strong>hine</strong></span> <span class='ocrx_word' id='word_1_51' title='bbox 931 1163 1011 1226; x_wconf 89' lang='lat' dir='ltr'><strong>inde</strong></span> <span class='ocrx_word' id='word_1_52' title='bbox 1032 1181 1115 1226; x_wconf 94' lang='lat' dir='ltr'><strong>eon·</strong></span> 
     </span>
     <span class='ocr_line' id='line_1_9' title="bbox 165 1262 1115 1346; baseline 0.001 -21"><span class='ocrx_word' id='word_1_53' title='bbox 165 1262 365 1340; x_wconf 74' lang='lat' dir='ltr'><strong>emissent,</strong></span> <span class='ocrx_word' id='word_1_54' title='bbox 390 1283 452 1328; x_wconf 87' lang='lat' dir='ltr'><strong>rex</strong></span> <span class='ocrx_word' id='word_1_55' title='bbox 477 1264 636 1346; x_wconf 88' lang='lat' dir='ltr'><strong>superbis</strong></span> <span class='ocrx_word' id='word_1_56' title='bbox 659 1283 778 1328; x_wconf 89' lang='lat' dir='ltr'><strong>eorum</strong></span> <span class='ocrx_word' id='word_1_57' title='bbox 801 1263 983 1328; x_wconf 86' lang='lat' dir='ltr'><strong>conatibus</strong></span> <span class='ocrx_word' id='word_1_58' title='bbox 1006 1263 1115 1327; x_wconf 89' lang='lat' dir='ltr'><strong>virili·</strong></span> 
     </span>
     <span class='ocr_line' id='line_1_10' title="bbox 166 1363 1114 1447; baseline 0.001 -21"><span class='ocrx_word' id='word_1_59' title='bbox 166 1370 219 1426; x_wconf 82' lang='lat' dir='ltr'><strong>ter</strong></span> <span class='ocrx_word' id='word_1_60' title='bbox 240 1363 405 1427; x_wconf 85' lang='lat' dir='ltr'><strong>resistens</strong></span> <span class='ocrx_word' id='word_1_61' title='bbox 428 1383 547 1428; x_wconf 90' lang='lat' dir='ltr'><strong>omnes</strong></span> <span class='ocrx_word' id='word_1_62' title='bbox 568 1365 605 1428; x_wconf 91' lang='lat' dir='ltr'><strong>in</strong></span> <span class='ocrx_word' id='word_1_63' title='bbox 631 1364 749 1446; x_wconf 81' lang='lat' dir='ltr'><strong>fugam</strong></span> <span class='ocrx_word' id='word_1_64' title='bbox 768 1364 894 1446; x_wconf 82' lang='lat' dir='ltr'><strong>coegit,</strong></span> <span class='ocrx_word' id='word_1_65' title='bbox 917 1369 1023 1447; x_wconf 89' lang='lat' dir='ltr'><strong>atque</strong></span> <span class='ocrx_word' id='word_1_66' title='bbox 1043 1369 1114 1427; x_wconf 83' lang='lat' dir='ltr'><strong>tam</strong></span> 
     </span>
     <span class='ocr_line' id='line_1_11' title="bbox 166 1462 1114 1548; baseline 0 -21"><span class='ocrx_word' id='word_1_67' title='bbox 166 1463 297 1545; x_wconf 85' lang='lat' dir='ltr'><strong>pernici</strong></span> <span class='ocrx_word' id='word_1_68' title='bbox 330 1483 434 1529; x_wconf 90' lang='lat' dir='ltr'><strong>cursu</strong></span> <span class='ocrx_word' id='word_1_69' title='bbox 464 1484 631 1548; x_wconf 86' lang='lat' dir='ltr'><strong>equorum</strong></span> <span class='ocrx_word' id='word_1_70' title='bbox 661 1464 874 1547; x_wconf 77' lang='lat' dir='ltr'><strong>fugientibus</strong></span> <span class='ocrx_word' id='word_1_71' title='bbox 905 1463 1033 1528; x_wconf 86' lang='lat' dir='ltr'><strong>institit</strong></span> <span class='ocrx_word' id='word_1_72' title='bbox 1060 1462 1114 1527; x_wconf 93' lang='lat' dir='ltr'><strong>in·</strong></span> 
     </span>
     <span class='ocr_line' id='line_1_12' title="bbox 165 1561 1115 1641; baseline 0.003 -16"><span class='ocrx_word' id='word_1_73' title='bbox 165 1561 286 1641; x_wconf 91' lang='lat' dir='ltr'><strong>imicis,</strong></span> <span class='ocrx_word' id='word_1_74' title='bbox 304 1571 343 1628; x_wconf 90' lang='lat' dir='ltr'><strong>ut</strong></span> <span class='ocrx_word' id='word_1_75' title='bbox 360 1583 524 1629; x_wconf 90' lang='lat' dir='ltr'><strong>unacum</strong></span> <span class='ocrx_word' id='word_1_76' title='bbox 541 1564 611 1628; x_wconf 91' lang='lat' dir='ltr'><strong>illis</strong></span> <span class='ocrx_word' id='word_1_77' title='bbox 628 1564 809 1629; x_wconf 90' lang='lat' dir='ltr'><strong>castellum</strong></span> <span class='ocrx_word' id='word_1_78' title='bbox 823 1565 978 1628; x_wconf 77' lang='lat' dir='ltr'><strong>intraret.</strong></span> <span class='ocrx_word' id='word_1_79' title='bbox 1026 1562 1115 1628; x_wconf 88' lang='lat' dir='ltr'><strong>Fae·</strong></span> 
     </span>
     <span class='ocr_line' id='line_1_13' title="bbox 166 1662 1114 1748; baseline 0 -21"><span class='ocrx_word' id='word_1_80' title='bbox 166 1669 222 1728; x_wconf 89' lang='lat' dir='ltr'><strong>tus</strong></span> <span class='ocrx_word' id='word_1_81' title='bbox 244 1670 298 1728; x_wconf 91' lang='lat' dir='ltr'><strong>est</strong></span> <span class='ocrx_word' id='word_1_82' title='bbox 319 1672 435 1730; x_wconf 88' lang='lat' dir='ltr'><strong>autem</strong></span> <span class='ocrx_word' id='word_1_83' title='bbox 451 1664 544 1730; x_wconf 90' lang='lat' dir='ltr'><strong>intra</strong></span> <span class='ocrx_word' id='word_1_84' title='bbox 560 1664 699 1748; x_wconf 82' lang='lat' dir='ltr'><strong>praefati</strong></span> <span class='ocrx_word' id='word_1_85' title='bbox 719 1665 886 1729; x_wconf 90' lang='lat' dir='ltr'><strong>ambitum</strong></span> <span class='ocrx_word' id='word_1_86' title='bbox 906 1662 1012 1729; x_wconf 87' lang='lat' dir='ltr'><strong>castri</strong></span> <span class='ocrx_word' id='word_1_87' title='bbox 1031 1683 1114 1728; x_wconf 93' lang='lat' dir='ltr'><strong>eon·</strong></span> 
     </span>
     <span class='ocr_line' id='line_1_14' title="bbox 167 1761 1113 1846; baseline 0.003 -20"><span class='ocrx_word' id='word_1_88' title='bbox 167 1761 281 1828; x_wconf 90' lang='lat' dir='ltr'><strong>flietus</strong></span> <span class='ocrx_word' id='word_1_89' title='bbox 303 1764 518 1842; x_wconf 90' lang='lat' dir='ltr'><strong>durissimus,</strong></span> <span class='ocrx_word' id='word_1_90' title='bbox 546 1765 606 1830; x_wconf 90' lang='lat' dir='ltr'><strong>sed</strong></span> <span class='ocrx_word' id='word_1_91' title='bbox 629 1766 759 1830; x_wconf 88' lang='lat' dir='ltr'><strong>virtute</strong></span> <span class='ocrx_word' id='word_1_92' title='bbox 776 1763 969 1846; x_wconf 81' lang='lat' dir='ltr'><strong>Anglorum</strong></span> <span class='ocrx_word' id='word_1_93' title='bbox 994 1764 1113 1829; x_wconf 84' lang='lat' dir='ltr'><strong>lauda·</strong></span> 
     </span>
     <span class='ocr_line' id='line_1_15' title="bbox 167 1860 1114 1946; baseline 0.002 -20"><span class='ocrx_word' id='word_1_94' title='bbox 167 1862 226 1927; x_wconf 92' lang='lat' dir='ltr'><strong>hili</strong></span> <span class='ocrx_word' id='word_1_95' title='bbox 249 1864 284 1927; x_wconf 91' lang='lat' dir='ltr'><strong>in</strong></span> <span class='ocrx_word' id='word_1_96' title='bbox 300 1866 398 1930; x_wconf 89' lang='lat' dir='ltr'><strong>brevi</strong></span> <span class='ocrx_word' id='word_1_97' title='bbox 415 1866 553 1945; x_wconf 87' lang='lat' dir='ltr'><strong>finitus;</strong></span> <span class='ocrx_word' id='word_1_98' title='bbox 582 1884 662 1930; x_wconf 88' lang='lat' dir='ltr'><strong>nam</strong></span> <span class='ocrx_word' id='word_1_99' title='bbox 682 1860 734 1930; x_wconf 93' lang='lat' dir='ltr'><strong>¹in</strong></span> <span class='ocrx_word' id='word_1_100' title='bbox 752 1866 813 1929; x_wconf 92' lang='lat' dir='ltr'><strong>illo</strong></span> <span class='ocrx_word' id='word_1_101' title='bbox 835 1864 998 1929; x_wconf 89' lang='lat' dir='ltr'><strong>conflictu</strong></span> <span class='ocrx_word' id='word_1_102' title='bbox 1020 1865 1114 1946; x_wconf 85' lang='lat' dir='ltr'><strong>eapti</strong></span> 
     </span>
     <span class='ocr_line' id='line_1_16' title="bbox 168 1959 1114 2047; baseline 0.006 -22"><span class='ocrx_word' id='word_1_103' title='bbox 168 1971 248 2028; x_wconf 86' lang='lat' dir='ltr'><strong>sunt</strong></span> <span class='ocrx_word' id='word_1_104' title='bbox 270 1965 410 2030; x_wconf 90' lang='lat' dir='ltr'><strong>ducenti</strong></span> <span class='ocrx_word' id='word_1_105' title='bbox 432 1967 559 2031; x_wconf 89' lang='lat' dir='ltr'><strong>milites</strong></span> <span class='ocrx_word' id='word_1_106' title='bbox 579 1967 676 2047; x_wconf 82' lang='lat' dir='ltr'><strong>regni</strong></span> <span class='ocrx_word' id='word_1_107' title='bbox 692 1966 862 2042; x_wconf 85' lang='lat' dir='ltr'><strong>Franciae,</strong></span> <span class='ocrx_word' id='word_1_108' title='bbox 877 1959 920 2030; x_wconf 83' lang='lat' dir='ltr'><strong>&#39;et</strong></span> <span class='ocrx_word' id='word_1_109' title='bbox 937 1985 1015 2029; x_wconf 90' lang='lat' dir='ltr'><strong>eum</strong></span> <span class='ocrx_word' id='word_1_110' title='bbox 1037 1966 1114 2047; x_wconf 90' lang='lat' dir='ltr'><strong>ipso</strong></span> 
     </span>
     <span class='ocr_line' id='line_1_17' title="bbox 166 2062 1115 2147; baseline 0.001 -19"><span class='ocrx_word' id='word_1_111' title='bbox 166 2062 320 2131; x_wconf 80' lang='lat' dir='ltr'><strong>Arthuro</strong></span> <span class='ocrx_word' id='word_1_112' title='bbox 341 2085 460 2131; x_wconf 88' lang='lat' dir='ltr'><strong>omnes</strong></span> <span class='ocrx_word' id='word_1_113' title='bbox 482 2066 615 2131; x_wconf 92' lang='lat' dir='ltr'><strong>nobiles</strong></span> <span class='ocrx_word' id='word_1_114' title='bbox 638 2065 877 2132; x_wconf 88' lang='lat' dir='ltr'><strong>Pictavienses</strong></span> <span class='ocrx_word' id='word_1_115' title='bbox 900 2073 936 2130; x_wconf 90' lang='lat' dir='ltr'><strong>et</strong></span> <span class='ocrx_word' id='word_1_116' title='bbox 952 2064 1115 2147; x_wconf 79' lang='lat' dir='ltr'><strong>Andaga·</strong></span> 
     </span>
     <span class='ocr_line' id='line_1_18' title="bbox 165 2164 1114 2251; baseline 0.001 -23"><span class='ocrx_word' id='word_1_117' title='bbox 165 2184 300 2244; x_wconf 78' lang='lat' dir='ltr'><strong>venees,</strong></span> <span class='ocrx_word' id='word_1_118' title='bbox 314 2167 365 2231; x_wconf 88' lang='lat' dir='ltr'><strong>ita</strong></span> <span class='ocrx_word' id='word_1_119' title='bbox 382 2164 475 2250; x_wconf 89' lang='lat' dir='ltr'><strong>quod</strong></span> <span class='ocrx_word' id='word_1_120' title='bbox 492 2186 554 2231; x_wconf 89' lang='lat' dir='ltr'><strong>nee</strong></span> <span class='ocrx_word' id='word_1_121' title='bbox 571 2186 661 2230; x_wconf 91' lang='lat' dir='ltr'><strong>unus</strong></span> <span class='ocrx_word' id='word_1_122' title='bbox 677 2186 739 2251; x_wconf 87' lang='lat' dir='ltr'><strong>pes</strong></span> <span class='ocrx_word' id='word_1_123' title='bbox 756 2187 801 2230; x_wconf 85' lang='lat' dir='ltr'><strong>ex</strong></span> <span class='ocrx_word' id='word_1_124' title='bbox 819 2167 976 2231; x_wconf 90' lang='lat' dir='ltr'><strong>omnibus</strong></span> <span class='ocrx_word' id='word_1_125' title='bbox 990 2165 1114 2243; x_wconf 90' lang='lat' dir='ltr'><strong>evasit,</strong></span> 
     </span>
     <span class='ocr_line' id='line_1_19' title="bbox 164 2260 1113 2350; baseline -0.001 -22"><span class='ocrx_word' id='word_1_126' title='bbox 164 2265 222 2346; x_wconf 92' lang='lat' dir='ltr'><strong>qui</strong></span> <span class='ocrx_word' id='word_1_127' title='bbox 243 2267 355 2350; x_wconf 86' lang='lat' dir='ltr'><strong>possit</strong></span> <span class='ocrx_word' id='word_1_128' title='bbox 371 2267 480 2332; x_wconf 90' lang='lat' dir='ltr'><strong>redire</strong></span> <span class='ocrx_word' id='word_1_129' title='bbox 501 2275 536 2332; x_wconf 89' lang='lat' dir='ltr'><strong>et</strong></span> <span class='ocrx_word' id='word_1_130' title='bbox 553 2287 672 2332; x_wconf 90' lang='lat' dir='ltr'><strong>casum</strong></span> <span class='ocrx_word' id='word_1_131' title='bbox 688 2267 765 2332; x_wconf 85' lang='lat' dir='ltr'><strong>aliis</strong></span> <span class='ocrx_word' id='word_1_132' title='bbox 781 2260 962 2331; x_wconf 84' lang='lat' dir='ltr'><strong>²indieare.</strong></span> <span class='ocrx_word' id='word_1_133' title='bbox 1008 2264 1113 2347; x_wconf 77' lang='lat' dir='ltr'><strong>Liga-</strong></span> 
     </span>
     <span class='ocr_line' id='line_1_20' title="bbox 165 2364 1114 2450; baseline -0.003 -20"><span class='ocrx_word' id='word_1_134' title='bbox 165 2364 211 2430; x_wconf 94' lang='lat' dir='ltr'><strong>tis</strong></span> <span class='ocrx_word' id='word_1_135' title='bbox 230 2366 339 2449; x_wconf 84' lang='lat' dir='ltr'><strong>igitur</strong></span> <span class='ocrx_word' id='word_1_136' title='bbox 353 2367 503 2450; x_wconf 86' lang='lat' dir='ltr'><strong>captivis</strong></span> <span class='ocrx_word' id='word_1_137' title='bbox 525 2368 560 2432; x_wconf 93' lang='lat' dir='ltr'><strong>in</strong></span> <span class='ocrx_word' id='word_1_138' title='bbox 583 2368 805 2450; x_wconf 87' lang='lat' dir='ltr'><strong>compedibus</strong></span> <span class='ocrx_word' id='word_1_139' title='bbox 830 2374 865 2431; x_wconf 94' lang='lat' dir='ltr'><strong>et</strong></span> <span class='ocrx_word' id='word_1_140' title='bbox 881 2366 1024 2430; x_wconf 87' lang='lat' dir='ltr'><strong>manicis</strong></span> <span class='ocrx_word' id='word_1_141' title='bbox 1047 2364 1114 2428; x_wconf 89' lang='lat' dir='ltr'><strong>fer-</strong></span> 
     </span>
     <span class='ocr_line' id='line_1_21' title="bbox 165 2466 1114 2551; baseline 0.001 -23"><span class='ocrx_word' id='word_1_142' title='bbox 165 2466 244 2543; x_wconf 86' lang='lat' dir='ltr'><strong>reis,</strong></span> <span class='ocrx_word' id='word_1_143' title='bbox 256 2466 494 2550; x_wconf 87' lang='lat' dir='ltr'><strong>vehiculisque</strong></span> <span class='ocrx_word' id='word_1_144' title='bbox 508 2468 666 2550; x_wconf 82' lang='lat' dir='ltr'><strong>bigarum</strong></span> <span class='ocrx_word' id='word_1_145' title='bbox 679 2467 863 2551; x_wconf 82' lang='lat' dir='ltr'><strong>impositis,</strong></span> <span class='ocrx_word' id='word_1_146' title='bbox 879 2485 972 2530; x_wconf 90' lang='lat' dir='ltr'><strong>novo</strong></span> <span class='ocrx_word' id='word_1_147' title='bbox 987 2485 1114 2547; x_wconf 84' lang='lat' dir='ltr'><strong>genere</strong></span> 
     </span>
     <span class='ocr_line' id='line_1_22' title="bbox 164 2566 1112 2650; baseline -0.003 -19"><span class='ocrx_word' id='word_1_148' title='bbox 164 2567 342 2649; x_wconf 86' lang='lat' dir='ltr'><strong>equitandi</strong></span> <span class='ocrx_word' id='word_1_149' title='bbox 371 2575 407 2632; x_wconf 89' lang='lat' dir='ltr'><strong>et</strong></span> <span class='ocrx_word' id='word_1_150' title='bbox 428 2568 607 2646; x_wconf 89' lang='lat' dir='ltr'><strong>inusitato,</strong></span> <span class='ocrx_word' id='word_1_151' title='bbox 630 2588 692 2632; x_wconf 88' lang='lat' dir='ltr'><strong>rex</strong></span> <span class='ocrx_word' id='word_1_152' title='bbox 715 2568 841 2650; x_wconf 89' lang='lat' dir='ltr'><strong>partim</strong></span> <span class='ocrx_word' id='word_1_153' title='bbox 863 2567 1055 2630; x_wconf 90' lang='lat' dir='ltr'><strong>transmisit</strong></span> <span class='ocrx_word' id='word_1_154' title='bbox 1077 2566 1112 2628; x_wconf 92' lang='lat' dir='ltr'><strong>in</strong></span> 
     </span>
     <span class='ocr_line' id='line_1_23' title="bbox 82 2665 1112 2750; baseline -0.001 -21"><span class='ocrx_word' id='word_1_155' title='bbox 82 2676 92 2687; x_wconf 86' lang='grc'><em>·</em></span> <span class='ocrx_word' id='word_1_156' title='bbox 164 2665 428 2746; x_wconf 88' lang='lat' dir='ltr'><strong>Normanniam,</strong></span> <span class='ocrx_word' id='word_1_157' title='bbox 450 2669 575 2750; x_wconf 86' lang='lat' dir='ltr'><strong>partim</strong></span> <span class='ocrx_word' id='word_1_158' title='bbox 600 2669 636 2732; x_wconf 92' lang='lat' dir='ltr'><strong>in</strong></span> <span class='ocrx_word' id='word_1_159' title='bbox 654 2668 831 2750; x_wconf 82' lang='lat' dir='ltr'><strong>Angliam,</strong></span> <span class='ocrx_word' id='word_1_160' title='bbox 850 2674 887 2731; x_wconf 88' lang='lat' dir='ltr'><strong>ut</strong></span> <span class='ocrx_word' id='word_1_161' title='bbox 901 2667 1026 2730; x_wconf 89' lang='lat' dir='ltr'><strong>eastris</strong></span> <span class='ocrx_word' id='word_1_162' title='bbox 1042 2666 1112 2730; x_wconf 91' lang='lat' dir='ltr'><strong>sor-</strong></span> 
     </span>
     <span class='ocr_line' id='line_1_24' title="bbox 165 2765 1114 2851; baseline 0.001 -22"><span class='ocrx_word' id='word_1_163' title='bbox 165 2765 308 2831; x_wconf 89' lang='lat' dir='ltr'><strong>tioribus</strong></span> <span class='ocrx_word' id='word_1_164' title='bbox 341 2768 473 2833; x_wconf 90' lang='lat' dir='ltr'><strong>detrusi</strong></span> <span class='ocrx_word' id='word_1_165' title='bbox 504 2770 635 2851; x_wconf 88' lang='lat' dir='ltr'><strong>absque</strong></span> <span class='ocrx_word' id='word_1_166' title='bbox 666 2776 759 2833; x_wconf 91' lang='lat' dir='ltr'><strong>motu</strong></span> <span class='ocrx_word' id='word_1_167' title='bbox 789 2766 961 2833; x_wconf 85' lang='lat' dir='ltr'><strong>evasionis</strong></span> <span class='ocrx_word' id='word_1_168' title='bbox 997 2785 1114 2830; x_wconf 88' lang='lat' dir='ltr'><strong>serva-</strong></span> 
     </span>
     <span class='ocr_line' id='line_1_25' title="bbox 129 2867 1113 2954; baseline 0 -24"><span class='ocrx_word' id='word_1_169' title='bbox 129 2946 135 2954; x_wconf 32' lang='lat'><strong>·</strong></span> <span class='ocrx_word' id='word_1_170' title='bbox 162 2874 302 2947; x_wconf 81' lang='lat' dir='ltr'><strong>rentur3</strong></span> <span class='ocrx_word' id='word_1_171' title='bbox 327 2867 502 2933; x_wconf 88' lang='lat' dir='ltr'><strong>Arthurus</strong></span> <span class='ocrx_word' id='word_1_172' title='bbox 528 2888 611 2933; x_wconf 91' lang='lat' dir='ltr'><strong>vero</strong></span> <span class='ocrx_word' id='word_1_173' title='bbox 635 2868 726 2952; x_wconf 88' lang='lat' dir='ltr'><strong>apud</strong></span> <span class='ocrx_word' id='word_1_174' title='bbox 751 2869 924 2933; x_wconf 88' lang='lat' dir='ltr'><strong>Falesiam</strong></span> <span class='ocrx_word' id='word_1_175' title='bbox 948 2868 1012 2930; x_wconf 90' lang='lat' dir='ltr'><strong>sub</strong></span> <span class='ocrx_word' id='word_1_176' title='bbox 1034 2885 1113 2930; x_wconf 90' lang='lat' dir='ltr'><strong>eus-</strong></span> 
     </span>
     <span class='ocr_line' id='line_1_26' title="bbox 120 2967 624 3053; baseline 0.004 -23"><span class='ocrx_word' id='word_1_177' title='bbox 120 3048 124 3053; x_wconf 30' lang='lat'>·</span> <span class='ocrx_word' id='word_1_178' title='bbox 165 2967 261 3032; x_wconf 91' lang='lat' dir='ltr'><strong>todia</strong></span> <span class='ocrx_word' id='word_1_179' title='bbox 274 2968 432 3052; x_wconf 82' lang='lat' dir='ltr'><strong>vigilanti</strong></span> <span class='ocrx_word' id='word_1_180' title='bbox 448 2969 624 3032; x_wconf 89' lang='lat' dir='ltr'><strong>remansit.</strong></span> 
     </span>
    </p>
   </div>
   <div class='ocr_carea' id='block_1_3' title="bbox 206 3139 1070 3328">
    <p class='ocr_par' dir='ltr' id='par_1_3' title="bbox 206 3139 1070 3328">
     <span class='ocr_line' id='line_1_27' title="bbox 206 3139 1070 3210; baseline -0.002 -4"><span class='ocrx_word' id='word_1_181' title='bbox 206 3141 248 3206; x_wconf 86' lang='lat' dir='ltr'><strong>Ut</strong></span> <span class='ocrx_word' id='word_1_182' title='bbox 263 3165 317 3209; x_wconf 80' lang='lat' dir='ltr'><strong>ree</strong></span> <span class='ocrx_word' id='word_1_183' title='bbox 331 3145 531 3210; x_wconf 76' lang='lat' dir='ltr'><strong>Francorum</strong></span> <span class='ocrx_word' id='word_1_184' title='bbox 548 3143 586 3208; x_wconf 81' lang='lat' dir='ltr'><strong>oh</strong></span> <span class='ocrx_word' id='word_1_185' title='bbox 602 3141 752 3207; x_wconf 78' lang='lat' dir='ltr'><strong>obsidione</strong></span> <span class='ocrx_word' id='word_1_186' title='bbox 767 3141 886 3206; x_wconf 80' lang='lat' dir='ltr'><strong>castelli</strong></span> <span class='ocrx_word' id='word_1_187' title='bbox 899 3141 937 3205; x_wconf 85' lang='lat' dir='ltr'><strong>de</strong></span> <span class='ocrx_word' id='word_1_188' title='bbox 952 3139 1070 3205; x_wconf 72' lang='lat' dir='ltr'><strong>Aratis</strong></span> 
     </span>
     <span class='ocr_line' id='line_1_28' title="bbox 475 3243 797 3328; baseline -0.009 -19"><span class='ocrx_word' id='word_1_189' title='bbox 475 3245 619 3328; x_wconf 79' lang='lat' dir='ltr'><strong>conferes</strong></span> <span class='ocrx_word' id='word_1_190' title='bbox 635 3243 797 3308; x_wconf 74' lang='lat' dir='ltr'><strong>recesserit.</strong></span> 
     </span>
    </p>
   </div>
   <div class='ocr_carea' id='block_1_4' title="bbox 212 3366 1218 3476">
    <p class='ocr_par' dir='ltr' id='par_1_4' title="bbox 212 3366 1218 3476">
     <span class='ocr_line' id='line_1_29' title="bbox 212 3366 1218 3476; baseline -0.004 -44"><span class='ocrx_word' id='word_1_191' title='bbox 212 3367 300 3432; x_wconf 90' lang='lat' dir='ltr'><strong>Cum</strong></span> <span class='ocrx_word' id='word_1_192' title='bbox 329 3367 403 3433; x_wconf 85' lang='lat' dir='ltr'><strong>haee</strong></span> <span class='ocrx_word' id='word_1_193' title='bbox 429 3369 522 3452; x_wconf 89' lang='lat' dir='ltr'><strong>apud</strong></span> <span class='ocrx_word' id='word_1_194' title='bbox 547 3377 699 3434; x_wconf 87' lang='lat' dir='ltr'><strong>castrum</strong></span> <span class='ocrx_word' id='word_1_195' title='bbox 723 3366 941 3432; x_wconf 87' lang='lat' dir='ltr'><strong>Mirebellum</strong></span> <span class='ocrx_word' id='word_1_196' title='bbox 967 3385 1111 3449; x_wconf 89' lang='lat' dir='ltr'><strong>ageren-</strong></span> <span class='ocrx_word' id='word_1_197' title='bbox 1125 3376 1218 3476; x_wconf 44' lang='lat' dir='ltr'><strong>33¹2oe</strong></span> 
     </span>
    </p>
   </div>
   <div class='ocr_carea' id='block_1_5' title="bbox 142 3460 1216 3752">
    <p class='ocr_par' dir='ltr' id='par_1_5' title="bbox 142 3460 1216 3752">
     <span class='ocr_line' id='line_1_30' title="bbox 142 3460 1216 3549; baseline -0.003 -19"><span class='ocrx_word' id='word_1_198' title='bbox 142 3506 144 3510; x_wconf 94' lang='lat'>-</span> <span class='ocrx_word' id='word_1_199' title='bbox 162 3474 230 3546; x_wconf 89' lang='lat' dir='ltr'><strong>tur,</strong></span> <span class='ocrx_word' id='word_1_200' title='bbox 246 3488 309 3533; x_wconf 85' lang='lat' dir='ltr'><strong>rex</strong></span> <span class='ocrx_word' id='word_1_201' title='bbox 320 3468 530 3534; x_wconf 88' lang='lat' dir='ltr'><strong>Francorum</strong></span> <span class='ocrx_word' id='word_1_202' title='bbox 546 3489 623 3533; x_wconf 92' lang='lat' dir='ltr'><strong>cum</strong></span> <span class='ocrx_word' id='word_1_203' title='bbox 640 3469 794 3533; x_wconf 87' lang='lat' dir='ltr'><strong>exercitu</strong></span> <span class='ocrx_word' id='word_1_204' title='bbox 809 3467 948 3549; x_wconf 90' lang='lat' dir='ltr'><strong>copioso</strong></span> <span class='ocrx_word' id='word_1_205' title='bbox 963 3460 1024 3530; x_wconf 87' lang='lat' dir='ltr'><strong>³ad</strong></span> <span class='ocrx_word' id='word_1_206' title='bbox 1042 3475 1113 3532; x_wconf 90' lang='lat' dir='ltr'><strong>tur·</strong></span> <span class='ocrx_word' id='word_1_207' title='bbox 1125 3478 1216 3527; x_wconf 72' lang='lat' dir='ltr'><strong>Arene·-</strong></span> 
     </span>
     <span class='ocr_line' id='line_1_31' title="bbox 161 3567 1113 3650; baseline 0.002 -20"><span class='ocrx_word' id='word_1_208' title='bbox 161 3586 232 3631; x_wconf 90' lang='lat' dir='ltr'><strong>rem</strong></span> <span class='ocrx_word' id='word_1_209' title='bbox 257 3567 301 3632; x_wconf 89' lang='lat' dir='ltr'><strong>de</strong></span> <span class='ocrx_word' id='word_1_210' title='bbox 327 3567 454 3633; x_wconf 90' lang='lat' dir='ltr'><strong>Archis</strong></span> <span class='ocrx_word' id='word_1_211' title='bbox 484 3590 521 3634; x_wconf 90' lang='lat' dir='ltr'><strong>se</strong></span> <span class='ocrx_word' id='word_1_212' title='bbox 554 3569 712 3645; x_wconf 90' lang='lat' dir='ltr'><strong>eontulit,</strong></span> <span class='ocrx_word' id='word_1_213' title='bbox 735 3568 899 3650; x_wconf 87' lang='lat' dir='ltr'><strong>illamque</strong></span> <span class='ocrx_word' id='word_1_214' title='bbox 934 3567 1113 3632; x_wconf 88' lang='lat' dir='ltr'><strong>obsidione</strong></span> 
     </span>
     <span class='ocr_line' id='line_1_32' title="bbox 162 3667 1114 3752; baseline 0 -21"><span class='ocrx_word' id='word_1_215' title='bbox 162 3667 318 3734; x_wconf 86' lang='lat' dir='ltr'><strong>vallavit.</strong></span> <span class='ocrx_word' id='word_1_216' title='bbox 371 3669 560 3752; x_wconf 90' lang='lat' dir='ltr'><strong>Dispositis</strong></span> <span class='ocrx_word' id='word_1_217' title='bbox 585 3669 693 3752; x_wconf 82' lang='lat' dir='ltr'><strong>igitur</strong></span> <span class='ocrx_word' id='word_1_218' title='bbox 712 3669 748 3732; x_wconf 95' lang='lat' dir='ltr'><strong>in</strong></span> <span class='ocrx_word' id='word_1_219' title='bbox 766 3687 891 3752; x_wconf 81' lang='lat' dir='ltr'><strong>gyrum</strong></span> <span class='ocrx_word' id='word_1_220' title='bbox 906 3686 968 3730; x_wconf 90' lang='lat' dir='ltr'><strong>rex</strong></span> <span class='ocrx_word' id='word_1_221' title='bbox 986 3667 1114 3732; x_wconf 88' lang='lat' dir='ltr'><strong>machi-</strong></span> 
     </span>
    </p>
   </div>
   <div class='ocr_carea' id='block_1_6' title="bbox 161 3856 1114 3996">
    <p class='ocr_par' dir='ltr' id='par_1_6' title="bbox 161 3856 1114 3996">
     <span class='ocr_line' id='line_1_33' title="bbox 197 3856 1114 3930; baseline -0.004 -18"><span class='ocrx_word' id='word_1_222' title='bbox 197 3860 246 3912; x_wconf 73' lang='lat'><strong>¹1¹⁸</strong></span> <span class='ocrx_word' id='word_1_223' title='bbox 264 3862 308 3912; x_wconf 81' lang='lat' dir='ltr'><strong>illo</strong></span> <span class='ocrx_word' id='word_1_224' title='bbox 326 3856 472 3930; x_wconf 71' lang='lat' dir='ltr'><strong>conflictu]</strong></span> <span class='ocrx_word' id='word_1_225' title='bbox 498 3861 624 3924; x_wconf 80' lang='lat' dir='ltr'><strong>Compare</strong></span> <span class='ocrx_word' id='word_1_226' title='bbox 648 3861 753 3922; x_wconf 83' lang='lat' dir='ltr'><strong>victory,</strong></span> <span class='ocrx_word' id='word_1_227' title='bbox 764 3859 849 3908; x_wconf 84' lang='lat' dir='ltr'><strong>which</strong></span> <span class='ocrx_word' id='word_1_228' title='bbox 866 3859 889 3908; x_wconf 86' lang='lat' dir='ltr'><strong>is</strong></span> <span class='ocrx_word' id='word_1_229' title='bbox 905 3859 979 3920; x_wconf 80' lang='lat' dir='ltr'><strong>given</strong></span> <span class='ocrx_word' id='word_1_230' title='bbox 995 3860 1030 3919; x_wconf 83' lang='lat' dir='ltr'><strong>by</strong></span> <span class='ocrx_word' id='word_1_231' title='bbox 1047 3859 1114 3922; x_wconf 71' lang='lat' dir='ltr'><strong>Cog-</strong></span> 
     </span>
     <span class='ocr_line' id='line_1_34' title="bbox 161 3928 1112 3996; baseline -0.003 -13"><span class='ocrx_word' id='word_1_232' title='bbox 161 3932 267 3996; x_wconf 77' lang='lat' dir='ltr'><strong>Rigord,</strong></span> <span class='ocrx_word' id='word_1_233' title='bbox 275 3933 308 3982; x_wconf 87' lang='lat' dir='ltr'><strong>de</strong></span> <span class='ocrx_word' id='word_1_234' title='bbox 315 3932 389 3986; x_wconf 75' lang='lat' dir='ltr'><strong>(lest.</strong></span> <span class='ocrx_word' id='word_1_235' title='bbox 398 3932 496 3994; x_wconf 90' lang='lat' dir='ltr'><strong>Philip.</strong></span> <span class='ocrx_word' id='word_1_236' title='bbox 504 3935 625 3995; x_wconf 81' lang='lat' dir='ltr'><strong>August,</strong></span> <span class='ocrx_word' id='word_1_237' title='bbox 649 3931 761 3993; x_wconf 75' lang='lat' dir='ltr'><strong>gesbale,</strong></span> <span class='ocrx_word' id='word_1_238' title='bbox 778 3931 840 3979; x_wconf 84' lang='lat' dir='ltr'><strong>Ree.</strong></span> <span class='ocrx_word' id='word_1_239' title='bbox 852 3928 898 3978; x_wconf 88' lang='lat' dir='ltr'><strong>des</strong></span> <span class='ocrx_word' id='word_1_240' title='bbox 916 3929 986 3979; x_wconf 93' lang='lat' dir='ltr'><strong>Hist.</strong></span> <span class='ocrx_word' id='word_1_241' title='bbox 997 3930 1069 3980; x_wconf 82' lang='lat' dir='ltr'><strong>xviii.</strong></span> <span class='ocrx_word' id='word_1_242' title='bbox 1085 3944 1112 3991; x_wconf 85' lang='lat' dir='ltr'><strong>p.</strong></span> 
     </span>
    </p>
   </div>
   <div class='ocr_carea' id='block_1_7' title="bbox 163 3998 1113 4131">
    <p class='ocr_par' dir='ltr' id='par_1_7' title="bbox 163 3998 1113 4131">
     <span class='ocr_line' id='line_1_35' title="bbox 163 3998 690 4064; baseline -0.006 -10"><span class='ocrx_word' id='word_1_243' title='bbox 163 4005 224 4055; x_wconf 87' lang='lat' dir='ltr'><strong>Rec.</strong></span> <span class='ocrx_word' id='word_1_244' title='bbox 236 4003 282 4053; x_wconf 87' lang='lat' dir='ltr'><strong>des</strong></span> <span class='ocrx_word' id='word_1_245' title='bbox 294 4003 364 4054; x_wconf 87' lang='lat' dir='ltr'><strong>Hist.</strong></span> <span class='ocrx_word' id='word_1_246' title='bbox 375 4002 437 4052; x_wconf 89' lang='lat' dir='ltr'><strong>xvii.</strong></span> <span class='ocrx_word' id='word_1_247' title='bbox 447 4018 473 4064; x_wconf 91' lang='lat' dir='ltr'><strong>p.</strong></span> <span class='ocrx_word' id='word_1_248' title='bbox 483 3998 524 4052; x_wconf 71' lang='lat'><strong>55.</strong></span> <span class='ocrx_word' id='word_1_249' title='bbox 649 4005 690 4051; x_wconf 76' lang='lat'><strong>95.</strong></span> 
     </span>
     <span class='ocr_line' id='line_1_36' title="bbox 689 4066 1113 4131; baseline -0.007 -13"><span class='ocrx_word' id='word_1_250' title='bbox 689 4068 744 4118; x_wconf 79' lang='lat' dir='ltr'><strong>&#39;Ad</strong></span> <span class='ocrx_word' id='word_1_251' title='bbox 761 4073 852 4118; x_wconf 84' lang='lat' dir='ltr'><strong>turrem</strong></span> <span class='ocrx_word' id='word_1_252' title='bbox 868 4070 897 4117; x_wconf 87' lang='lat' dir='ltr'><strong>de</strong></span> <span class='ocrx_word' id='word_1_253' title='bbox 908 4066 1020 4131; x_wconf 75' lang='lat' dir='ltr'><strong>Archia]</strong></span> <span class='ocrx_word' id='word_1_254' title='bbox 1038 4068 1113 4116; x_wconf 87' lang='lat' dir='ltr'><strong>Com·</strong></span> 
     </span>
    </p>
   </div>
   <div class='ocr_carea' id='block_1_8' title="bbox 160 4060 1113 4278">
    <p class='ocr_par' dir='ltr' id='par_1_8' title="bbox 160 4060 1113 4283">
     <span class='ocr_line' id='line_1_37' title="bbox 165 4060 1113 4213; baseline -0.006 -20"><span class='ocrx_word' id='word_1_255' title='bbox 165 4208 167 4213; x_wconf 28' lang='grc' dir='ltr'>Ι</span> <span class='ocrx_word' id='word_1_256' title='bbox 195 4137 348 4211; x_wconf 73' lang='lat' dir='ltr'><strong>’Iadiedre.]</strong></span> <span class='ocrx_word' id='word_1_257' title='bbox 366 4142 433 4191; x_wconf 89' lang='lat' dir='ltr'><strong>John</strong></span> <span class='ocrx_word' id='word_1_258' title='bbox 445 4147 524 4191; x_wconf 86' lang='lat' dir='ltr'><strong>wrote</strong></span> <span class='ocrx_word' id='word_1_259' title='bbox 541 4147 566 4191; x_wconf 93' lang='lat' dir='ltr'><strong>to</strong></span> <span class='ocrx_word' id='word_1_260' title='bbox 583 4142 625 4190; x_wconf 84' lang='lat' dir='ltr'><strong>the</strong></span> <span class='ocrx_word' id='word_1_261' title='bbox 637 4060 640 4179; x_wconf 71' lang='lat' dir='ltr'><strong>i</strong></span> <span class='ocrx_word' id='word_1_262' title='bbox 651 4155 711 4204; x_wconf 88' lang='lat' dir='ltr'><strong>pare</strong></span> <span class='ocrx_word' id='word_1_263' title='bbox 731 4140 837 4201; x_wconf 76' lang='lat' dir='ltr'><strong>Rigore,</strong></span> <span class='ocrx_word' id='word_1_264' title='bbox 858 4155 884 4201; x_wconf 90' lang='lat' dir='ltr'><strong>p.</strong></span> <span class='ocrx_word' id='word_1_265' title='bbox 903 4145 944 4200; x_wconf 80' lang='lat'><strong>55,</strong></span> <span class='ocrx_word' id='word_1_266' title='bbox 963 4139 1026 4188; x_wconf 90' lang='lat' dir='ltr'><strong>with</strong></span> <span class='ocrx_word' id='word_1_267' title='bbox 1044 4139 1113 4199; x_wconf 81' lang='lat' dir='ltr'><strong>Cog-</strong></span> 
     </span>
     <span class='ocr_line' id='line_1_38' title="bbox 160 4186 855 4278; baseline -0.009 -13"><span class='ocrx_word' id='word_1_268' title='bbox 160 4214 268 4278; x_wconf 81' lang='lat' dir='ltr'><strong>English</strong></span> <span class='ocrx_word' id='word_1_269' title='bbox 280 4214 371 4263; x_wconf 87' lang='lat' dir='ltr'><strong>harons</strong></span> <span class='ocrx_word' id='word_1_270' title='bbox 382 4228 415 4262; x_wconf 87' lang='lat' dir='ltr'><strong>an</strong></span> <span class='ocrx_word' id='word_1_271' title='bbox 426 4219 533 4262; x_wconf 83' lang='lat' dir='ltr'><strong>account</strong></span> <span class='ocrx_word' id='word_1_272' title='bbox 543 4213 572 4261; x_wconf 81' lang='lat' dir='ltr'><strong>oi</strong></span> <span class='ocrx_word' id='word_1_273' title='bbox 585 4212 625 4262; x_wconf 88' lang='lat' dir='ltr'><strong>his</strong></span> <span class='ocrx_word' id='word_1_274' title='bbox 638 4186 641 4247; x_wconf 69' lang='lat' dir='ltr'><strong>i</strong></span> <span class='ocrx_word' id='word_1_275' title='bbox 653 4210 765 4273; x_wconf 83' lang='lat' dir='ltr'><strong>geshale,</strong></span> <span class='ocrx_word' id='word_1_276' title='bbox 776 4225 801 4271; x_wconf 92' lang='lat' dir='ltr'><strong>p.</strong></span> <span class='ocrx_word' id='word_1_277' title='bbox 814 4214 855 4260; x_wconf 79' lang='grc'><strong>96.</strong></span> 
     </span>
    </p>
   </div>
   <div class='ocr_carea' id='block_1_9' title="bbox 0 0 1434 4876">
    <p class='ocr_par' dir='ltr' id='par_1_9' title="bbox 0 0 1434 4876">
     <span class='ocr_line' id='line_1_39' title="bbox 0 0 1434 4876; baseline 0 0"><span class='ocrx_word' id='word_1_278' title='bbox 0 0 1434 4876; x_wconf 95' lang='lat' dir='ltr'><strong> </strong></span> 
     </span>
    </p>
   </div>
  </div>
 </body>
</html>
