2858 4876
170 582 225 622 M).
235 584 292 624 1196.

168 635 253 685 negem

169 736 284 776 Evosham.

329 392 395 458 108
578 409 714 456 noonru
741 408 791 455 nn
811 407 1021 457 wannovna

328 567 434 631 tionis
457 572 601 630 mortem
622 561 760 642 subire;
786 584 865 628 nam
888 563 989 630 modo
1012 571 1047 628 et
1068 583 1215 646 semper,
1234 573 1279 628 ex

167 684 399 748 ormonrorquo
428 666 495 729 hiis
519 667 633 748 poenis
663 666 829 728 subactus
855 663 917 740 sui,
945 683 1022 726 cum
1045 663 1197 745 graviori
1219 683 1281 727 an·

331 767 438 848 gabar
460 765 643 849 supplicio,
667 752 777 846 ipsius
808 783 885 826 sum
908 763 1105 827 visitatione
1131 763 1281 827 clemen-

330 865 465 929 tissima
481 871 667 928 recreatus
719 862 764 925 In
785 861 940 926 aurificio
958 869 1085 940 autem,
1100 882 1170 944 quo
1186 863 1281 926 frau-

330 965 392 1028 des
414 965 452 1028 in
476 964 593 1029 seculo
616 980 862 1043 nonnunquam
885 962 1050 1039 commisi,
1072 981 1165 1025 nunc
1187 969 1281 1026 atro-

330 1064 469 1128 cissime
491 1065 562 1141 luo,
591 1063 672 1126 dum
694 1062 892 1142 frequenter
915 1061 952 1123 in
977 1061 1152 1125 cumulum
1180 1080 1280 1124 num-

329 1183 463 1228 morum
500 1162 695 1226 ardentium
739 1160 976 1243 praecipitatus
1017 1160 1280 1225 intolerabiliter

330 1279 470 1339 exuror,
491 1263 654 1344 ipsosque
674 1260 833 1324 denarios
851 1259 980 1341 ignitos
1003 1279 1062 1324 ore
1082 1279 1204 1324 vorare
1229 1261 1281 1324 hi-

330 1363 404 1426 anti
431 1361 628 1444 srequenter
653 1360 852 1443 compellor,
874 1377 953 1441 quac
975 1360 1091 1423 omnia
1116 1358 1282 1424 interiora

329 1482 407 1526 mea
428 1461 659 1540 comburunt3
688 1460 817 1542 saepius
846 1459 989 1540 insuper
1009 1478 1069 1523 eos
1096 1479 1279 1526 numerare

329 1568 499 1638 coarctor,
524 1580 569 1626 ex
603 1561 727 1642 quibus
759 1559 886 1640 digitos
917 1578 1110 1641 manusque
1137 1579 1282 1642 pessun-

330 1662 430 1725 datos
462 1680 516 1725 me
542 1660 668 1724 habere
695 1658 860 1724 condoleo
883 1664 918 1722 et
946 1658 1176 1730 combustos),
1217 1659 1279 1722 In-

330 1760 456 1842 quisivi
482 1760 630 1841 denique
652 1761 696 1823 ab
719 1778 772 1836 eo,
794 1759 824 1822 si
846 1756 1002 1822 homines
1022 1759 1146 1840 quovis
1171 1778 1281 1823 remc-

329 1858 387 1923 dio
406 1866 476 1923 tam
500 1859 707 1923 horrendum
729 1864 871 1941 possent
893 1859 1023 1921 evitare
1046 1858 1277 1941 supplicium;

330 1958 375 2022 ad
396 1957 489 2042 quod
515 1958 574 2022 ille
600 1959 778 2040 suspirans
801 1958 864 2035 ait,
894 1957 953 2020 ‘Si
977 1957 1131 2041 quotidie
1153 1958 1279 2022 scribe-

329 2065 407 2122 rent
431 2059 468 2123 in
496 2057 666 2122 frontibus
700 2065 735 2122 et
765 2059 857 2121 circa
887 2056 1001 2120 locum
1029 2058 1141 2121 cordis
1167 2058 1278 2139 digito

328 2157 370 2222 ‘J
373 2177 452 2222 esus
470 2157 674 2221 Nazareuus
688 2177 751 2221 rex
769 2156 793 2221 J
795 2155 994 2233 udaeorum,'
1006 2155 1123 2220 fideles
1141 2158 1279 2239 procul-

329 2257 434 2321 dubio
459 2262 746 2322 conservarentur
767 2256 946 2331 immunes
970 2261 1108 2337 etpost
1132 2263 1278 2321 mortem

330 2353 406 2420 loca
423 2358 499 2439 ipsa
513 2357 637 2420 decore
652 2356 843 2419 clarissimo
858 2355 1102 2420 coruscarent.'
1137 2355 1227 2420 Haec
1243 2365 1279 2421 et

327 2456 399 2519 alia
420 2456 530 2520 multa
546 2457 590 2519 ab
612 2456 680 2520 isto
697 2454 834 2534 audivi;
856 2452 917 2519 sed
939 2454 983 2517 ad
1009 2454 1079 2517 alia
1098 2455 1279 2520 scribenda

329 2554 545 2633 festinantes
561 2574 638 2637 quac
652 2554 754 2618 modo
770 2554 864 2618 dicta
881 2560 975 2632 sunt,
992 2551 1187 2619 sufficiant?

325 2771 340 2817 (—
428 2727 479 2792 Do
495 2727 583 2793 tortio
598 2728 660 2793 loco
667 2728 790 2812 porculi
805 2736 833 2793 et
848 2726 1018 2813 multiplici
1031 2727 1180 2792 uarietate

689 2836 919 2893 tormentorum.

339 2949 342 2954 ’
380 2951 664 3035 ‘Relinquentes‚
686 2973 751 3034 ego
774 2953 908 3016 scilicet
930 2959 967 3017 et
987 2952 1060 3016 dux
1078 2956 1188 3032 meuS,
1202 2952 1278 3037 jam

325 3049 456 3119 dictam
473 3072 553 3117 vere
576 3051 831 3136 lachrymarum
845 3053 983 3130 vallem,
1001 3053 1105 3135 quam
1125 3053 1278 3118 secundo

325 3151 499 3215 adivimus
529 3152 619 3229 loco,
651 3153 871 3236 pervenimus
901 3153 946 3216 ad
977 3171 1139 3235 campum
1166 3154 1278 3216 maxi-

326 3269 420 3314 mum
446 3252 484 3314 in
512 3250 668 3315 demerso
697 3252 847 3334 quodam
874 3259 976 3316 terrae
1000 3253 1131 3334 gremio
1159 3253 1277 3330 situm,

327 3343 402 3433 qui¹
432 3353 476 3414 ab
503 3351 673 3416 universis
702 3358 829 3434 praeter
859 3357 1008 3415 tortores
1041 3352 1214 3416 daemones
1243 3359 1279 3416 et

328 3450 461 3513 animas
490 3457 601 3515 tortas
638 3459 876 3534 sequestratus
906 3452 1089 3515 videbatur
1123 3471 1276 3516 accessu.

327 3548 485 3630 Tegebat
517 3557 634 3614 autem
661 3551 878 3632 superficiem
905 3550 1000 3615 illius
1031 3550 1136 3615 chaos
1168 3552 1279 3615 maxi-

326 3668 420 3712 mum
446 3650 619 3730 quoddam
644 3658 679 3715 et
704 3649 914 3727 horrificum,
942 3671 1011 3733 quo
1040 3650 1202 3734 permixti
1224 3671 1277 3715 ro-

322 3749 490 3812 tabantur
516 3748 631 3814 fumus
660 3750 866 3832 sulphureus
894 3756 929 3814 et
953 3751 1180 3814 intolerabilis
1214 3771 1274 3815 ne-

325 3847 408 3911 bula
433 3848 568 3914 foetoris
595 3869 672 3913 cum
700 3850 839 3913 flamma
864 3850 965 3931 picea
992 3849 1171 3932 nigredine
1199 3870 1279 3932 per·

325 3948 447 4024 mixta,
475 3967 554 4030 quae
583 3950 752 4013 montium
779 3950 891 4012 instar
920 3948 1000 4012 hinc
1030 3949 1109 4013 inde
1137 3968 1277 4013 consur-

321 4180 324 4187 ·
359 4122 458 4180 1’(ὶιιί.
476 4160 483 4176 .
501 4159 508 4175 .
526 4125 653 4188 accessa]
681 4126 733 4173 ‘Et
754 4127 786 4174 ab
813 4139 900 4175 mones
912 4131 937 4174 et
947 4126 1080 4176 animabus
1091 4127 1163 4176 tortis
1175 4142 1279 4189 seques-

322 4195 495 4243 universorum
512 4199 605 4257 praeter
616 4197 722 4244 tortores
733 4195 786 4244 dae·
813 4199 893 4245 tratas
906 4196 1038 4246 videbatur
1055 4192 1172 4247 accessu’
1180 4198 1207 4246 iu
1218 4198 1277 4250 MS.
