2858 4876
412 408 551 458 rnonns
574 408 843 461 ursronrssou.
1059 400 1104 465 87

151 568 244 631 tione
267 574 385 631 vestra
416 567 575 631 omnibus
605 567 797 651 peregrinis
821 589 932 652 usque
960 572 1005 636 ad
1039 575 1238 637 tri-annus.

150 667 288 730 ennium
309 685 475 731 concessa
496 673 531 730 et
553 667 589 729 in
611 687 750 749 poenam
773 672 1101 737 excommunicatio-

151 766 204 828 nis
232 765 366 831 indicta
399 774 434 832 et
464 765 612 843 firmata,
643 767 757 848 ipsum
779 787 801 831 a
822 771 1101 851 peregrinatione
1182 800 1184 805 ·

150 865 345 930 venientem
369 872 406 931 et
433 866 558 930 iterum
590 866 701 931 redire
732 867 970 950 disponentem
999 890 1100 953 cepe-

150 972 244 1044 runt,
272 972 378 1046 atque
401 967 466 1031 sub
492 964 649 1029 custodia
680 967 846 1032 carcerali
878 968 1101 1036 detrudentes

151 1063 195 1128 ad
225 1064 468 1148 gravissimam
501 1064 746 1147 redemptionis
777 1086 946 1132 summam
977 1088 1099 1150 coege-

150 1171 240 1229 runt.
285 1163 308 1229 J
311 1165 415 1230 ubeat
432 1183 517 1246 ergo
538 1164 744 1229 excellentia
759 1172 889 1245 vestra,
905 1175 945 1233 ut
962 1168 1098 1234 obsides

151 1263 280 1328 domini
303 1263 421 1328 ‘nostri
450 1263 555 1346 regis,
585 1264 646 1345 qui
677 1262 790 1329 adhuc
817 1286 881 1348 pro
914 1275 1013 1349 parte
1046 1288 1100 1332 re-

150 1362 368 1447 demptionis,
393 1382 471 1444 quae
497 1362 665 1428 solvenda
691 1372 812 1442 restat,
839 1365 1038 1432 detinentur
1062 1369 1098 1432 in

148 1463 307 1540 vinculis,
325 1462 454 1527 liberos
478 1463 574 1526 exiro
594 1462 667 1527 dux
687 1462 747 1527 ille
768 1466 958 1546 permittet,
983 1473 1019 1531 et
1041 1487 1099 1549 pe

150 1563 286 1626 cuniam
305 1562 413 1640 illam,
434 1581 539 1644 qnam
557 1580 580 1624 a
596 1560 735 1626 domino
758 1571 877 1629 nostro
899 1584 1098 1630 excommn-

148 1663 446 1744 nicatnsrecepit,
462 1681 508 1725 ex
530 1662 665 1742 integro
685 1663 858 1740 restituat,
876 1683 1010 1729 necnon
1031 1664 1098 1730 sibi

147 1761 285 1843 suisque
326 1760 461 1826 illatam
502 1759 666 1844 injuriam
706 1761 814 1844 digna
858 1763 1098 1831 satisfactione

147 1859 327 1926 emendet!

230 2036 278 2103 Do
292 2033 598 2101 meamnoaimtiorw
616 2033 706 2100 ducis
720 2033 860 2099 Austris
870 2055 935 2121 pre
949 2054 1018 2123 repo

540 2133 711 2199 Riclordo.

212 2257 370 2340 Cumque
400 2257 476 2322 haec
504 2265 540 2323 et
570 2257 640 2324 alia
673 2257 782 2321 multa
815 2275 932 2322 eoram
962 2277 1219 2322 summouendo

147 2357 309 2441 pontifice
331 2357 419 2438 regii
441 2358 553 2421 nuntii
574 2357 798 2438 allegassent,
820 2355 980 2420 dominus
1005 2377 1098 2440 papa
1109 2340 1208 2427 {dirim

1209 2329 1258 2371 unl-

146 2457 239 2523 illico
259 2475 407 2539 surgens
429 2476 507 2521 cum
535 2457 608 2521 suis
635 2456 868 2521 cardinalibus
895 2457 1009 2539 ipsum
1037 2457 1098 2521 du·

148 2576 222 2622 cem
256 2556 459 2621 nominatim
496 2556 810 2620 excommunicavit
838 2562 874 2620 et
905 2556 942 2619 iu
971 2575 1098 2636 genero

147 2674 281 2733 omnes,
304 2655 364 2737 qui
396 2656 434 2719 in
461 2674 576 2737 regem
599 2663 635 2720 ct
654 2673 736 2719 suos
760 2673 882 2720 manus
907 2654 1099 2737 injecerant

147 2756 345 2833 violentas3
376 2761 573 2836 terramque
598 2753 696 2818 ducis
725 2761 835 2819 totam
864 2753 1098 2819 ecclesiastico

147 2873 346 2938 supponens
376 2853 558 2919 interdicto
581 2852 775 2917 Veronensi
805 2853 968 2935 episcopo
1003 2853 1099 2917 dedit

145 2955 185 3017 in
204 2952 387 3029 mandatis,
407 2960 577 3036 quatenus
595 2952 684 3017 hanc
706 2951 881 3015 interdicti
900 2959 937 3016 et
957 2970 1097 3016 excom·

149 3053 392 3117 municationis
409 3053 616 3116 sententiam
634 3050 779 3134 singulis
801 3050 921 3114 diebus
940 3050 1098 3115 Domini·

149 3153 200 3217 eis
216 3159 251 3216 et
268 3151 402 3216 festivis
421 3171 483 3232 per
500 3157 612 3216 totum
634 3149 788 3215 Austriae
810 3148 974 3214 ducatum
992 3149 1098 3215 faciat

149 3251 329 3334 publicari.
372 3249 500 3328 ‘Quod
522 3250 553 3314 si
572 3250 663 3326 idem
685 3249 757 3313 dux
776 3247 948 3313 mandatis
970 3249 1098 3313 nostris

147 3369 269 3433 parere
284 3349 486 3426 decreverit,
501 3350 539 3414 in
554 3350 683 3414 virtute
697 3348 765 3411 Dei
786 3347 897 3412 eidem
916 3348 1098 3430 praecipias

148 3457 188 3514 ut
209 3449 346 3513 obsides
372 3449 464 3531 regis
489 3447 686 3530 Anglorum
716 3448 896 3511 universos
926 3447 1098 3523 absolvat,

148 3547 326 3630 pactiones
346 3567 465 3612 omnes
486 3547 632 3625 relaxet,
655 3554 690 3612 et
707 3546 826 3610 ablata
849 3546 916 3611 sibi
935 3565 997 3627 per
1019 3564 1098 3609 eum

149 3655 185 3712 et
203 3666 300 3724 suos,
319 3658 355 3711 et
377 3666 455 3729 quae
478 3646 522 3710 de
543 3647 653 3729 ipsius
679 3645 772 3727 regis
796 3645 916 3726 iniqua
940 3643 1097 3729 redemp-

148 3749 243 3812 tione
264 3747 431 3830 percepit,
456 3746 620 3811 universa
643 3745 829 3809 restituens
848 3742 986 3807 eosdem
1006 3745 1099 3808 obsi·

146 3847 209 3910 des
236 3847 343 3910 faciat
368 3864 446 3908 cum
479 3844 665 3909 securitate
693 3843 737 3908 ad
768 3843 909 3925 propria
934 3862 1098 3917 remeare,

149 3953 194 4022 et,
211 3945 336 4011 amodo
353 3944 440 4008 talia
459 3963 528 4007 non
549 3950 738 4019 attentans,
752 3941 974 4008 nihilominus
995 3942 1099 4007 etiam

149 4044 194 4133 de.
220 4044 347 4128 injuria
373 4051 409 4107 et
441 4042 575 4107 damnis
607 4061 758 4124 congrue
792 4041 986 4106 satisfaciat
1012 4040 1099 4104 irro-

150 4144 267 4226 gatis?
328 4232 331 4238 Ι
