2858 4876
426 427 565 475 nuonus
589 427 871 478 fllsTORlARUffi
1077 411 1124 480 37

169 583 312 651 evitare.
374 586 505 652 Eodem
531 608 623 653 anno
650 588 811 655 Clemens
835 606 940 673 papa,
961 606 1041 652 cum
1065 601 1281 654 se-A.n.1191.-.

167 685 275 751 disset
291 679 401 752 ¹annc
418 708 489 753 uno
506 696 541 754 et
559 692 734 756 mensibus
753 690 899 768 duobus,
918 688 1007 754 diem
1026 685 1123 754 clau*

168 787 214 851 sit
235 794 441 868 extremum,
462 791 518 855 cui
540 793 708 859 successit
729 791 948 870 Caelestinus,
971 789 1031 876 qni
1055 807 1121 853 an·

167 894 223 951 tea
241 887 439 973 Hyacintus
455 891 657 958 vocabatur.

193 1063 236 1129 Ul
250 1085 305 1129 ren
320 1065 520 1130 Francorum
536 1065 710 1152 Paioppor
724 1073 753 1131 ol
767 1085 823 1131 rou
840 1063 1017 1152 duplorum
1035 1065 1099 1132 ai-

263 1163 400 1232 chardus
413 1167 504 1254 opud
515 1167 696 1232 Moesorum
710 1186 802 1232 aava
814 1165 1018 1233 momdordnt.

231 1289 361 1355 Eodem
391 1309 495 1371 anno,
527 1297 653 1375 quarto
684 1289 853 1356 kalendas
881 1287 1027 1374 Aprilis,
1056 1310 1117 1357 rex
1130 1307 1244 1399 ffifflm

167 1388 380 1456 Francorum
402 1392 495 1477 apud
523 1393 724 1456 Messanam
754 1410 862 1456 naves
885 1390 1042 1457 ascendit
1064 1399 1118 1457 at·
1130 1408 1234 1450 nam..

164 1509 231 1573 que
248 1509 369 1556 versus
387 1491 669 1578 Hierosolymam
687 1492 747 1557 via
767 1497 864 1557 recta
881 1492 959 1556 vela
976 1490 1118 1560 direxit.

165 1589 246 1656 Rex
260 1612 342 1657 vero
360 1592 569 1673 Richardus,
582 1600 707 1678 quarto
724 1591 801 1658 idus
814 1589 974 1676 Aprilis
964 1612 1001 1657 m
1017 1611 1117 1675 mag·

163 1711 210 1755 na
236 1692 349 1775 gloria
367 1694 465 1759 illum
488 1702 641 1773 secutus,
662 1693 783 1759 habuit
806 1694 841 1759 in
864 1694 1031 1760 comitatu
1053 1712 1120 1758 suo

164 1793 329 1859 tredecim
349 1796 477 1862 buccas
500 1795 627 1881 triplici
646 1795 803 1861 velorum
824 1794 1039 1877 expansione
1058 1812 1120 1859 ve-

163 1893 322 1976 lificatus,
340 1895 461 1961 habuit
477 1904 647 1981 praterea
661 1903 799 1962 centum
818 1913 925 1959 naves
939 1895 1117 1960 onerarias

164 2001 201 2059 et
213 1996 467 2080 quinquaginta
484 1997 615 2080 galeias
632 1996 811 2076 triremes;
840 1994 900 2078 qni
916 1996 1008 2060 circa
1025 1994 1117 2061 diem

162 2094 367 2177 vigesimum
390 2097 540 2163 Rhodon
561 2096 709 2162 insulam
732 2096 943 2177 subintrans,
963 2095 1118 2161 decursis

164 2194 285 2259 diebus
307 2196 436 2275 decem,
452 2197 545 2280 apud
564 2197 717 2281 Cyprum
731 2195 913 2279 applicuit.
964 2189 1117 2262 'Cursac

164 2300 280 2359 autem
302 2296 461 2361 dominus
482 2296 618 2376 insulae,
641 2297 702 2382 qui
724 2313 762 2362 se
788 2296 1030 2380 imperatorem
1051 2316 1116 2361 no·

164 2395 322 2474 minavit,
350 2397 387 2462 in
415 2417 521 2463 manu
543 2398 625 2463 forti
647 2404 682 2462 et
712 2403 848 2462 armata
876 2397 949 2478 regi
977 2404 1115 2479 portum

165 2496 399 2580 prohibiturus
422 2498 585 2577 occurrit,
607 2505 643 2563 et
665 2497 821 2562 homines
847 2496 1037 2579 naufragos
1060 2517 1114 2562 re·

165 2596 220 2679 gis
237 2598 507 2682 quamplurimos
525 2600 629 2682 cepit,
651 2598 816 2682 spoliavit
831 2604 867 2662 et
886 2597 921 2663 in
942 2616 1115 2662 carcerem

164 2697 255 2761 fame
291 2697 463 2781 perituros
494 2701 664 2780 reclusit;
698 2698 788 2764 unde
822 2717 885 2763 rex
918 2694 1115 2780 Anglorum

165 2797 367 2880 magnificus
400 2800 453 2866 ira
483 2820 669 2866 succensus
698 2800 777 2863 iniit
805 2818 883 2863 cum
912 2796 1012 2863 hoste
1038 2797 1113 2882 jam

164 2897 257 2963 dicto
283 2898 518 2983 congressum,
536 2921 558 2964 a
576 2921 645 2985 quo
660 2890 824 2964 festinam
842 2897 989 2981 adeptus
1006 2899 1116 2963 victo-

164 2999 252 3063 riam
273 3000 386 3082 ipsum
401 3003 531 3067 victum
549 3008 584 3066 et
604 3000 759 3066 vinctum
781 2998 935 3076 retinuit,
952 3006 989 3064 et
1008 2999 1116 3064 filiam

164 3098 241 3184 ejus
267 3101 406 3166 unicam
428 3109 607 3185 totamque
630 3099 738 3185 Cypri
764 3098 915 3163 insulam
941 3118 1018 3163 cum
1039 3099 1116 3165 uni-

164 3201 275 3265 versis
301 3202 550 3267 munitionibus
572 3220 645 3266 suae
669 3200 824 3265 subdidit
849 3199 985 3265 ditioni,
1030 3198 1115 3265 Cur·
1142 3244 1145 3250 >

164 3320 224 3366 sac
241 3321 319 3365 cum
341 3322 423 3385 rege
439 3309 581 3386 pactum
597 3301 687 3379 iniit,
708 3320 751 3365 ne
767 3299 886 3364 ferreis
904 3299 1117 3368 detineretur

165 3401 202 3467 in
230 3401 393 3480 vinculis,
421 3402 514 3485 quod
545 3420 607 3466 rex
640 3408 782 3485 pactum
802 3397 1004 3466 'observans
1035 3421 1114 3467 eum

165 3502 387 3585 compedibus
408 3502 489 3568 fecit
508 3501 636 3568 arctari
658 3497 833 3584 argenteis
856 3508 893 3566 et
913 3501 951 3566 in
973 3503 1117 3569 castello
1204 3519 1208 3526 ·

163 3621 271 3684 prope
300 3602 482 3686 Tripolim
507 3603 599 3688 quod
632 3601 798 3684 Margeth
825 3602 1037 3686 appellatur,
1062 3622 1116 3666 re·

164 3701 257 3768 trudi
279 3703 466 3788 praecepit3
489 3703 595 3768 filiam
623 3711 741 3769 autem
763 3701 839 3788 ejus
861 3702 1015 3780 retinuit,
1037 3721 1115 3769 cum

201 3876 289 3929 ¹Aaao
295 3896 341 3931 uuo
348 3886 372 3931 et
383 3880 505 3932 merdin
514 3881 627 3945 duoles]
687 3877 698 3908 ¹
711 3874 835 3948 cmm]
852 3879 907 3930 Ther
918 3884 1026 3931 accoum
1036 3878 1062 3929 in
1072 3878 1116 3928 the

163 3949 288 4000 Clement¹
301 3952 353 4000 III.
371 3965 425 4009 wan
447 3967 514 4014 pope
535 3952 628 4015 during
653 3955 707 4000 text
718 3951 765 4001 has
777 3951 841 4000 been
852 3951 930 4000 taken
939 3949 1002 3999 from
1013 3949 1115 4000 Diceto.

163 4019 233 4069 three
255 4035 329 4082 years
353 4022 403 4070 and
426 4022 497 4071 three
520 4022 628 4074 months.
654 4021 695 4083 By
704 4021 886 4070 Benedictand
894 4019 1018 4070 lloreden
1033 4019 1117 4070 ‘Cur-

165 4090 215 4139 Hie
226 4104 358 4141 successor
368 4091 628 4144 Gelestine111.died
654 4086 705 4141 sac’
722 4092 746 4142 is
761 4091 844 4140 called
861 4092 945 4153 Isaac,
961 4103 1076 4151 emperor
1090 4085 1122 4138 ol

163 4161 319 4225 insonnem
333 4166 405 4215 119⁸.
654 4162 766 4224 Cyprus,
782 4177 808 4223 p.
825 4165 883 4213 645.
920 4161 968 4211 See
982 4161 1037 4210 aleo
1056 4159 1121 4209 Vin·

655 4233 722 4295 mus,
733 4247 760 4295 p.
772 4235 829 4289 ³19·
848 4271 851 4276 -
