2858 4876
390 413 529 462 nunnus
552 413 823 466 rnsrornnnun.
1040 405 1085 469 97

83 648 93 663 ,
129 588 235 652 quam
258 570 407 653 lapidea,
429 593 544 655 regem
570 573 781 638 Francorum
807 574 1219 656 etMauricium,A·1>·¹¹⁹⁶.
1239 645 1241 649 Α

132 668 421 736 Pertieiacensem
436 673 648 755 episcopum,
661 672 817 736 Parisius
829 684 1081 742 commorantes

131 788 199 832 non
220 789 341 852 parum
358 772 547 852 exterruit;
571 792 634 836 rex
655 779 770 836 autem
795 774 962 854 palatium
978 794 1080 841 suum

132 867 329 951 relinquens
347 871 505 934 etlilium
529 891 629 934 suum
651 870 863 935 Lodovicum
885 892 1002 938 secum
1025 895 1081 940 as·

131 986 269 1032 sumens
298 970 392 1051 apud
422 976 579 1033 sanctam
604 969 816 1035 Genevefam
846 975 1078 1055 pernoctavit,

131 1073 168 1130 et
180 1067 362 1153 episcopus
378 1069 469 1151 apud
486 1075 647 1133 sanctum
661 1069 853 1137 Victorem.

144 1239 193 1305 De
214 1241 328 1307 uirium
349 1242 474 1307 cuidam
495 1242 639 1306 mutacio
651 1243 746 1327 sactu
766 1243 803 1306 da
817 1245 1006 1329 parputorio
1028 1255 1056 1310 et

231 1340 305 1406 loeis
311 1341 501 1427 penalibus
516 1342 605 1427 enjus
619 1342 766 1427 inspectio
774 1343 924 1426 perutilis
939 1354 989 1409 esi.

159 1462 162 1469 '
183 1463 285 1528 Circa
312 1465 386 1529 dies
407 1467 494 1531 istos
515 1465 703 1530 monachus
729 1465 869 1548 quidam
890 1468 1176 1537 Evesham-noreur

68 1558 71 1564 ’
132 1562 225 1629 ensis
240 1563 388 1628 coenobii
403 1566 440 1628 in
462 1565 663 1647 languorem
685 1564 846 1629 decidens
868 1586 930 1648 per
952 1588 1079 1633 annum
1091 1536 1245 1628 ivilldi⁰‘

131 1661 304 1745 integrum
321 1672 357 1728 et
374 1670 444 1729 tres
468 1683 602 1729 menses
619 1664 811 1729 vehementi
833 1668 988 1748 corporis
1007 1687 1080 1733 mo-

131 1761 235 1827 lestia
258 1765 464 1841 vexabatur,
491 1764 550 1845 qui
580 1763 647 1826 cibi
677 1769 849 1846 potusque
873 1766 1081 1832 abominati·

133 1881 235 1926 onem
259 1862 346 1926 adeo
372 1862 576 1941 incurrerat,
599 1870 639 1926 ut
663 1883 725 1945 per
747 1882 870 1927 novem
894 1865 1081 1948 aliquando

133 1961 207 2027 dies
224 1961 281 2025 vel
304 1961 453 2044 amplius
475 1961 524 2024 nil
546 1970 673 2044 practer
694 1961 863 2025 modicam
890 1983 990 2045 aquae
1020 1984 1079 2029 ca-

132 2059 213 2125 lidae
239 2061 432 2143 susciperet
456 2061 669 2143 portionem3
699 2061 794 2124 nulla
819 2061 852 2124 ei
870 2063 1079 2127 medicorum

133 2158 304 2227 industria
323 2159 465 2223 remedii
484 2160 668 2243 quicquam
686 2160 842 2224 conferre
857 2161 983 2243 potuit,
1005 2162 1078 2240 sed,

132 2259 321 2342 quicquam
343 2258 524 2324 levaminis
545 2278 651 2323 causa
676 2260 708 2323 ei
729 2278 752 2323 a
773 2259 927 2341 quolibet
948 2261 1080 2324 exhibi-

134 2365 208 2422 tum
226 2357 352 2437 fuerat,
368 2357 405 2421 in
423 2359 634 2422 contrarium
653 2360 864 2423 vertebatur.
917 2359 1080 2441 Langue-

134 2457 197 2523 bat
211 2457 319 2539 igitur
332 2459 500 2539 grabbato
514 2458 721 2522 decumbens
738 2464 774 2521 et
782 2457 912 2522 viribus
927 2460 1081 2541 corporis

135 2556 277 2621 nimium
295 2557 501 2637 destitutus;
525 2557 602 2622 loco
621 2557 752 2622 moveri
776 2577 845 2621 non
867 2558 993 2639 potuit,
1016 2559 1082 2622 nisi

135 2656 402 2731 ministrantium
419 2657 536 2721 labore
551 2656 726 2721 devectus.
764 2656 970 2721 Imminente
985 2656 1082 2720 deni-

135 2774 204 2839 que
227 2755 419 2821 Dominicae
444 2755 704 2820 resurrectionis
728 2755 795 2833 die,
823 2756 934 2820 levius
957 2756 1083 2820 habere

136 2853 303 2939 iucipiens
333 2874 397 2937 per
419 2855 541 2919 cellam
566 2855 776 2918 infirmorum
795 2855 935 2918 innixus
958 2856 1083 2919 baculo

137 2953 339 3035 incedebat3
368 2974 514 3037 cumque
532 2952 670 3018 tandem
685 2973 756 3017 nox
774 2953 922 3030 adesset,
936 2953 992 3017 cui
1009 2955 1084 3017 Do·

135 3052 274 3119 minicae
305 3073 415 3118 coenae
441 3052 515 3117 dies
540 3052 696 3135 proxime
718 3052 884 3129 succedit,
909 3052 952 3116 ad
975 3053 1085 3136 majo.

70 3151 73 3156 ’
138 3172 211 3217 rem
234 3153 426 3231 basilicam,
450 3153 606 3217 nesciens
629 3152 703 3215 sive
717 3150 754 3214 in
772 3171 914 3233 corpore
931 3153 1005 3216 sive
1022 3171 1085 3216 ex·

138 3259 195 3319 tra
218 3271 357 3335 eorpus,
381 3271 519 3333 magnae
548 3251 742 3316 devotionis
767 3250 935 3314 instinctu
961 3251 1085 3314 baculo

140 3350 286 3419 vehente
316 3351 491 3434 perrexit;
523 3350 594 3428 ubi,
617 3348 708 3413 dum.
728 3356 920 3413 conventus
950 3357 1085 3413 noctur·

138 3451 236 3517 nales
259 3449 302 3515 de
329 3450 577 3516 consuetudine
599 3448 720 3513 laudes
737 3449 888 3513 Domino
911 3448 1087 3530 persolve·

139 3550 214 3629 bat,
232 3556 366 3615 tantam
382 3549 508 3614 divinae
529 3548 759 3613 miserationis
777 3554 812 3611 et
828 3549 950 3629 gratiae
973 3547 1089 3611 caeles·

84 3632 105 3683 ⁹
141 3649 188 3715 tis
203 3650 504 3732 compunctionem
525 3648 691 3731 percepit,
709 3653 748 3711 ut
761 3647 871 3728 ipsius
893 3652 1016 3711 sancta
1031 3646 1089 3710 de·

141 3749 238 3815 votio
268 3749 407 3812 modum
439 3748 605 3812 excedere
642 3746 830 3822 videretur,
860 3744 950 3808 unde
979 3764 1090 3809 neca

140 3846 279 3913 fletibus
297 3853 332 3911 et
348 3848 416 3913 Dei
440 3847 601 3912 laudibus
623 3864 645 3908 a
663 3844 778 3908 media
801 3844 912 3909 noctis
935 3844 1020 3907 hora
1035 3863 1092 3908 us.

141 3967 209 4031 que
233 3947 277 4011 ad
301 3953 437 4011 sextam
462 3947 530 4010 diei
558 3945 733 4027 sequentis
760 3943 880 4008 horam
912 3962 950 4006 se
976 3943 1091 4025 potuit

137 4046 329 4111 continere.
375 4045 474 4110 Tunc
499 4044 658 4110 accersiri
691 4043 734 4107 ad
761 4062 799 4107 se
825 4042 906 4106 fecit
932 4041 1017 4105 duos
1049 4040 1092 4105 de

142 4145 320 4221 fratribus,
343 4164 448 4209 uuum
469 4150 550 4227 post
571 4144 730 4219 alterum,
753 4160 840 4223 quos
857 4140 923 4207 viri
940 4139 1092 4220 religiosi

194 4261 272 4309 von.
297 4259 352 4307 111.
916 4256 941 4301 ιι
