2858 4876
329 399 394 463 164
590 413 724 461 nucum
750 413 796 458 un
821 410 1027 459 wuuuuvnn

167 588 292 628 A·1>·¹²⁰⁰·
331 574 445 638 Deum
464 592 527 654 pro
545 591 599 649 eo,
616 571 732 635 soluta
751 577 834 633 sunt
855 567 994 633 vincula
1014 565 1191 641 Sathena,
1207 565 1287 646 qui-¹

330 675 396 739 bus
429 691 551 736 manus
589 672 665 756 ejus
701 670 898 735 constrictae
929 668 1081 743 fuerant,
1111 673 1146 729 et
1175 683 1283 729 sanus

330 774 473 838 effectus
489 774 566 836 Deo
582 779 619 836 et
633 777 754 835 sancto
769 769 910 853 praesuli
928 767 1061 850 gratias
1077 766 1159 847 egit.

552 937 603 1001 De
618 936 778 1022 sepultura
793 934 894 1000 sancti
908 933 1060 1019 Hupoua‘s.

170 1079 288 1118 urracae
383 1061 523 1144 Vigiliis
543 1069 659 1126 autem
682 1061 774 1125 circa
800 1079 926 1143 corpus
951 1058 1124 1142 pontificis
1144 1057 1209 1121 rite
1227 1077 1282 1121 ce-

170 1131 277 1169 h¹⁸t⁰mb'
331 1162 486 1242 lebratis,
512 1182 589 1226 cum
614 1162 688 1225 dies
711 1162 884 1225 crastinus
904 1160 1091 1235 illuxisset,
1114 1158 1283 1241 archiepi-

332 1263 428 1345 scopi
454 1283 530 1327 cum
557 1262 729 1345 episcopis
755 1261 955 1325 memoratis
984 1278 1110 1342 corpus
1137 1261 1284 1323 sanctis-

332 1363 455 1427 simum
472 1371 552 1445 post
569 1364 752 1426 missarum
769 1361 937 1425 solemnia
958 1360 995 1423 in
1017 1358 1163 1424 ccclesia
1179 1379 1283 1436 nova,

332 1483 437 1546 quam
458 1464 533 1545 ipse
556 1483 578 1525 a
602 1462 834 1527 fundamentis
856 1466 1100 1526 construxerat
1121 1460 1157 1523 in
1177 1460 1282 1525 hono-

332 1584 404 1628 rem
422 1564 490 1628 Dei
505 1562 681 1645 genitricis
698 1563 834 1639 Mariae,
846 1562 951 1646 juxta
967 1561 1078 1624 altare
1093 1561 1205 1625 sancti
1221 1559 1244 1625 J
1248 1581 1283 1624 o·

332 1662 455 1727 hannis
473 1664 643 1746 Baptistae
659 1664 846 1746 sepulturae
865 1662 1027 1726 decenter
1043 1660 1282 1740 tradiderunt;

332 1764 418 1827 illud
433 1783 515 1828 vero
531 1762 680 1828 officium
701 1771 773 1828 tam
793 1763 978 1845 diligenter
994 1761 1120 1843 exequi
1141 1763 1284 1826 studue-

333 1871 428 1940 runt,
439 1872 479 1928 ut
495 1863 669 1928 videretur
686 1864 851 1928 divinitus
865 1863 1061 1927 ordinatum
1075 1862 1167 1945 quod
1182 1882 1284 1946 prop-

333 1972 387 2029 ter
403 1964 469 2028 hoc
482 1965 679 2047 specialiter
695 1964 947 2029 convenissent.
984 1961 1148 2045 Sepultus
1161 1971 1214 2028 est
1226 1983 1284 2027 au-

334 2071 403 2129 tem
415 2074 540 2129 octavo
550 2064 717 2128 kalendas
732 2054 943 2141 Decembris,¹
954 2063 998 2127 ad
1015 2064 1114 2149 cujus
1130 2065 1283 2129 tumbam

333 2165 451 2229 divina
479 2186 548 2229 non
579 2165 740 2229 desinunt
765 2165 931 2229 celebrari
953 2165 1131 2242 miracula,
1149 2165 1183 2228 si
1205 2185 1283 2229 cum

334 2264 459 2329 fiducia
476 2286 497 2329 a
513 2285 686 2349 quoquam
708 2266 925 2348 requiratur3
949 2285 1029 2328 nam
1055 2272 1134 2347 post
1157 2265 1285 2347 glorio-

334 2386 407 2430 sam
425 2367 491 2431 viri
514 2367 581 2430 Dei
603 2366 817 2448 sepulturam
842 2385 928 2448 puer
949 2365 1087 2448 quidam
1111 2364 1153 2428 de
1177 2367 1285 2448 parti-

333 2468 398 2530 bus
423 2466 610 2530 Lincoluioe
633 2485 694 2547 per
710 2466 904 2548 quindecim
926 2466 1000 2529 dies
1023 2473 1210 2546 aegrotans,
1232 2469 1285 2530 in-

333 2567 529 2631 valescente
559 2567 690 2642 morbo,
723 2567 881 2649 pervenit
911 2565 955 2629 ad
993 2573 1151 2643 mortem,
1183 2567 1283 2651 cujus

334 2686 459 2749 corpus
478 2666 564 2730 adeo
589 2673 729 2749 repente
746 2666 888 2748 diriguit
902 2685 943 2729 ac
967 2667 996 2729 si
1019 2686 1081 2748 per
1101 2667 1174 2730 dies
1197 2668 1282 2732 mul-

333 2774 388 2829 tos
412 2774 583 2831 mortuum
604 2767 815 2845 exstitisset;
848 2786 917 2848 quo
938 2767 1024 2843 viso,
1050 2767 1172 2831 mulier
1188 2789 1283 2852 quae-

332 2865 413 2929 dam
443 2867 609 2930 accedens
634 2866 753 2931 oculos
777 2868 902 2931 clausit
925 2874 960 2930 et
976 2868 1129 2930 membra
1154 2877 1283 2933 mortu-

332 2986 431 3030 orum
446 2987 540 3031 more
553 2968 735 3049 disposuit.
770 2966 927 3050 Cumque
943 2969 1008 3031 sub
1026 2967 1090 3031 hoc
1108 2967 1283 3034 schemate

333 3085 355 3128 a
373 3074 526 3149 tempore
541 3068 748 3150 gallicantus
771 3086 881 3151 usque
904 3068 948 3131 ad
973 3067 1160 3132 diluculum
1179 3069 1281 3153 jacu-

332 3166 429 3244 isset,
460 3175 582 3245 mater,
608 3167 707 3250 cujus
740 3167 825 3231 fides
857 3170 948 3233 inter
974 3167 1168 3251 lachrymas
1202 3191 1281 3235 cum

333 3265 403 3331 filio
420 3269 593 3331 exstincta
615 3287 684 3330 nou
709 3268 835 3347 suerat,
858 3288 936 3333 cum
962 3269 1072 3332 multa
1094 3269 1220 3335 fiducia
1237 3272 1281 3336 ad

332 3386 458 3450 corpus
478 3367 635 3443 accessit,
659 3361 886 3451 ¹acceptoque
906 3368 965 3432 filo
984 3368 1136 3433 candelis
1151 3370 1281 3435 lacien-

332 3467 385 3530 dis
408 3467 543 3543 idoneo,
563 3487 707 3549 puerum
729 3469 765 3532 in
786 3469 878 3532 omni
907 3468 1118 3533 dimensione
1147 3490 1282 3536 mensu-

331 3587 409 3631 rare
436 3567 566 3649 coepit3
595 3588 664 3650 quo
687 3567 790 3646 facto,
810 3567 1021 3634 fiducialiter
1042 3589 1120 3633 cum
1145 3571 1282 3656 lachry-

332 3667 397 3732 mis
414 3667 516 3744 dixit,
534 3667 672 3733 ‘Etiam
699 3668 729 3731 si
754 3669 913 3751 sepultus
939 3676 1032 3733 esset
1055 3669 1147 3733 lilius
1171 3692 1281 3750 mene,

331 3775 449 3850 posset
462 3768 560 3832 illurn
573 3770 743 3833 Dominus
756 3770 938 3834 restituere
954 3789 1016 3852 per
1028 3771 1152 3835 merita
1168 3774 1281 3837 sancti
1353 3771 1355 3775 ’

333 3866 519 3950 Hugonis.’
549 3867 734 3934 Crescente
752 3888 834 3933 vero
849 3870 917 3947 die,
933 3869 1088 3934 fecerunt
1105 3873 1280 3938 orationes

330 3974 367 4031 et
379 3968 614 4052 eleemosynas
634 3990 697 4053 pro
717 3969 834 4033 anima
856 3971 968 4053 parvi,
989 3978 1025 4035 et
1046 3971 1213 4036 miserunt
1236 3975 1279 4038 ad

328 4069 523 4132 vocandum
553 4070 766 4134 sacerdotem
794 4070 838 4132 ad
867 4069 983 4147 funus,
1015 4077 1126 4135 matre
1146 4072 1282 4156 jugiter

586 4225 780 4300 ¹Acceptoque.]
798 4227 959 4296 ‘Acetoque,’
979 4234 1009 4283 C.
