2858 4876
421 389 558 437 ruonns
583 389 858 439 nrsronrnnuu.
1053 375 1119 439 241

165 545 327 610 indebitis
340 544 588 611 ‘exactionibus
605 548 650 611 ad
665 556 855 613 extremam
871 549 1024 631 inopiam
1041 569 1118 632 per·
1130 567 1178 606 nn
1200 569 1255 607 1212.

166 645 334 726 duxerat3
365 647 531 725 nonnulli,
553 668 701 731 quorum
723 656 884 730 parentes
909 656 944 712 et
960 650 1117 713 carnales

165 745 295 810 amicos
317 748 552 826 exsulaverat,
579 769 695 812 eorum
722 748 942 814 haereditates
969 751 1004 812 in
1033 769 1115 814 suos

165 864 249 909 usus
275 855 502 927 convertens3
530 848 620 912 unde
645 847 862 926 factumest,
886 856 925 912 ut
939 848 1028 913 idem
1052 870 1115 914 rex

164 952 218 1011 tot
243 945 315 1010 fere
342 945 464 1012 habuit
495 947 625 1024 hostes,
657 955 742 1028 quot
770 948 891 1013 habuit
920 956 1113 1031 magnates.

167 1044 270 1109 Unde
285 1045 350 1110 hoc
368 1047 513 1111 instanti
529 1053 695 1129 tempore,
714 1067 790 1111 cum
813 1068 850 1112 se
870 1051 1115 1130 cognovissent

166 1145 211 1209 ab
235 1144 312 1228 ejus
335 1145 502 1211 fidelitate
523 1147 669 1223 solutos,
692 1149 804 1228 gavisi
827 1156 909 1212 sunt
928 1149 1040 1226 valde,
1064 1151 1114 1213 ita

166 1244 271 1328 quod,
288 1245 318 1308 si
334 1245 435 1310 famae
452 1246 614 1324 creditur,
630 1246 796 1311 miserunt
812 1248 885 1330 regi
903 1248 1115 1312 Francorum

166 1344 321 1409 chartam
349 1345 563 1427 singulorum
586 1347 771 1410 eorundem
793 1367 973 1429 procerum
990 1348 1115 1429 sigillis

166 1445 345 1520 munitam,
368 1453 407 1509 nt
429 1465 549 1510 secure
568 1447 699 1510 veniret
722 1447 756 1509 in
781 1445 946 1529 Angliam
971 1467 1114 1529 regnum

165 1544 258 1608 illico
284 1553 484 1628 recepturus
511 1554 647 1610 etcum
672 1546 783 1626 gloria
808 1555 843 1611 et
866 1547 995 1611 honore
1015 1567 1114 1612 coro·

168 1644 314 1709 nundus.

219 1820 371 1895 Quomodo
386 1841 440 1884 rec
454 1821 628 1907 Anglorum
642 1822 798 1888 Iohannes
812 1821 1010 1908 abjudicatus
1026 1834 1068 1887 est

572 1942 593 1985 a
608 1943 709 2008 rayno.

216 2043 319 2111 Circa
351 2045 414 2110 hos
440 2046 588 2128 denique
612 2045 685 2109 dies
711 2046 921 2128 StephanuS,
948 2045 1115 2128 archiepi·
1130 2062 1265 2162 llffilllld‘

165 2164 292 2228 scopus
320 2144 592 2223 CantuariensiS,
610 2145 806 2209 Willelmus
831 2145 1059 2210 Londinensis
1082 2154 1118 2210 et
1129 2164 1209 2253 pepp)
1213 2173 1255 2252 ⁰ln

158 2245 375 2310 Eustachius·
391 2246 539 2310 Eliensis
556 2245 721 2330 episcopi,
737 2246 885 2310 Romam
904 2245 1049 2328 profecti
1063 2246 1116 2310 in·
1129 2225 1190 2315 rlrl
1208 2224 1222 2263 ⁷
1255 2223 1267 2252 ⁹

165 2352 316 2410 nnerunt
332 2345 470 2410 domino
491 2365 594 2428 papae
619 2346 839 2410 multimodas
857 2345 1061 2421 rebelliones
1079 2352 1114 2410 et

164 2445 401 2522 enormitates,
418 2465 506 2529 quas
530 2445 659 2510 fecerat
680 2465 743 2509 rex
764 2445 958 2528 Anglorum
980 2446 1002 2510 J
1006 2445 1113 2509 ohan-

165 2562 226 2609 nes
259 2564 281 2608 a
311 2553 465 2628 tempore
497 2545 671 2608 interdicti
699 2564 809 2627 usque
840 2547 876 2609 in
908 2553 1114 2627 praesentem

164 2642 267 2721 diem,
290 2663 413 2708 manus
436 2645 582 2708 saevitiae
604 2651 640 2709 et
661 2644 876 2708 crudelitatis
898 2652 1019 2709 contra
1042 2645 1115 2708 Do·

165 2744 295 2807 minum
318 2752 542 2826 sanctamque
565 2745 744 2808 ecclesiam
766 2744 1029 2826 infatigabiliter
1051 2764 1114 2826 ag·

163 2844 364 2926 gravand03
389 2843 480 2908 unde
502 2843 676 2908 humiliter
699 2843 838 2907 domino
861 2863 961 2926 papas
981 2845 1113 2926 suppli-

164 2943 303 3020 cabant,
336 2951 375 3007 ut
410 2942 617 3025 Anglicanae
647 2943 813 3020 ecclesiae,
840 2944 915 3027 jam
947 2944 1047 3025 quasi
1078 2944 1114 3006 in

165 3043 331 3107 extremis
363 3043 549 3120 laboranti,
571 3042 772 3123 dignaretur
793 3043 861 3125 piae
884 3043 1115 3106 miserationis

164 3141 294 3206 intuitu
325 3144 518 3207 subvenire.
581 3142 681 3207 Tunc
712 3162 805 3224 papa
837 3143 936 3224 gravi
968 3162 1116 3206 moerore

165 3250 308 3324 propter
325 3241 573 3306 desolationem
594 3243 691 3324 regni
708 3241 847 3324 Angliae
867 3241 1055 3318 confectus,
1073 3240 1115 3305 de

165 3341 310 3406 consilio
333 3342 572 3419 cardinalium,
590 3343 828 3424 episcoporum
852 3349 887 3405 et
902 3341 1046 3405 aliorum
1064 3341 1115 3405 vi·

165 3460 281 3505 rorum
298 3442 531 3524 prudentium,
546 3442 797 3506 sententialiter
810 3440 981 3517 definivit,
997 3448 1036 3504 ut
1053 3460 1116 3503 rex

165 3539 362 3622 Anglorum
387 3542 567 3606 Johannes
593 3561 614 3604 a
638 3541 726 3604 solio
752 3542 851 3622 regni
875 3541 1116 3622 deponeretur,

165 3645 202 3704 et
215 3641 317 3717 alius,
341 3661 433 3724 papa
453 3649 673 3724 procurante,
689 3640 887 3704 succederet
903 3643 961 3722 qui
980 3641 1118 3722 dignior

166 3738 362 3805 haberetur.
406 3739 462 3805 Ad
484 3741 588 3825 hujus
614 3760 752 3822 quoque
776 3742 957 3804 sententiae
973 3759 1117 3804 exsecu-

166 3838 296 3904 tionem
318 3841 459 3924 scripsit
482 3843 641 3905 dominus
670 3859 761 3923 papa
786 3841 1025 3923 potentissimo
1045 3840 1119 3921 regi

168 3938 382 4005 Francorum
417 3941 592 4024 Philippo,
623 3947 793 4022 quatenus
822 3941 858 4003 in
883 3940 1118 4004 remissionem

166 4038 319 4103 omnium
336 4060 477 4105 suorum
494 4041 729 4124 peccaminum
744 4039 834 4105 hunc
851 4041 1003 4104 laborem
1021 4058 1119 4103 assu·

167 4146 290 4217 meret,
308 4148 355 4218 et,
374 4161 456 4224 rege
472 4140 666 4223 Anglorum
689 4160 711 4204 a
733 4140 820 4205 solio
843 4141 940 4222 regni
963 4140 1122 4223 expulso,

222 4256 301 4304 von.
326 4257 382 4305 111.
950 4258 972 4303 n
