2858 4876
415 405 553 453 rnonns
578 405 846 454 nrsronrrnon.
1036 384 1101 449 189

149 565 245 648 scopi
272 565 474 631 'electionem
504 566 706 646 celebrare3
740 565 809 630 illis
839 552 955 629 aut'em
979 583 998 627 e
1020 569 1236 627 conell-1²⁰⁶·

152 666 258 730 trario
282 667 580 749 respondentibus,
600 667 693 750 quod
715 666 757 730 de
776 667 856 750 jure
876 664 1046 730 communi
1067 670 1103 727 et

150 765 331 848 privilegio
351 767 505 850 speciali,
523 775 558 832 et
576 768 619 831 de
639 767 887 831 consuetudine
910 764 1103 848 approbata

150 867 367 949 etantiqua,
399 867 685 932 Cantuariensem
713 866 1011 949 archiepiscopum
1042 865 1104 929 eli·

152 986 233 1049 gere
260 967 424 1032 deberent
450 969 525 1032 sine
547 967 668 1047 vobis3
698 967 760 1032 lite
782 985 898 1031 coram
922 966 1020 1030 nobis
1043 985 1105 1048 per

151 1069 393 1150 procuratores
415 1068 557 1134 idoneos
579 1087 684 1151 super
706 1067 771 1131 hoc
792 1061 946 1149 legitime
968 1062 1104 1130 ¹contes-

154 1174 241 1245 tata,
266 1167 451 1250 diligenter
472 1168 679 1246 audivimus,
704 1187 784 1249 quae
814 1174 929 1250 partes
952 1166 989 1229 in
1014 1185 1103 1248 prae·

153 1268 265 1333 sentia
296 1275 416 1332 nostra
445 1288 637 1351 proponere
667 1275 889 1332 curaverunt.
942 1266 1031 1330 Pars
1055 1266 1104 1328 si-

153 1368 292 1450 'quidem
309 1376 425 1433 restra
439 1375 475 1432 et
492 1368 631 1432 decreta
651 1369 782 1451 pariter
798 1376 833 1432 et
850 1367 1010 1451 exempla
1031 1373 1104 1430 stu-

154 1468 229 1533 duit
250 1468 416 1551 allegare,
438 1468 606 1551 quosdam
627 1476 733 1533 testes
760 1469 954 1550 producens
981 1474 1016 1530 et
1038 1474 1105 1529 tes-

154 1567 349 1634 timoniales
372 1569 491 1633 literas
507 1568 692 1652 exhibens,
710 1568 835 1651 quibus
854 1566 1033 1631 ostendere
1052 1567 1103 1630 ni-

154 1669 305 1748 tebatur,
329 1670 421 1753 quod
439 1690 502 1735 vos
520 1677 591 1735 tres
616 1668 901 1751 metropolitanos
924 1667 1104 1749 elegeratis

156 1789 227 1834 una
253 1789 331 1834 cum
360 1770 449 1852 illis;
476 1790 554 1834 cum
580 1789 642 1853 per
663 1770 782 1834 literas
806 1777 841 1832 et
863 1767 1105 1832 attestationes

157 1870 204 1935 sit
230 1871 426 1954 probatum,
449 1889 513 1935 vos
538 1877 574 1934 et
599 1870 668 1934 alio
690 1869 767 1933 loco
793 1860 828 1932 et
854 1868 923 1932 alio
952 1875 1106 1951 tempore

156 1991 225 2035 non
258 1971 333 2034 sine
363 1970 433 2034 illis
462 1970 647 2034 electiones
676 1969 871 2052 hujusmodi
903 1968 1105 2032 celebrasse.

157 2071 280 2136 Testes
312 2078 429 2135 autem
462 2070 622 2154 producti
653 2090 697 2134 ex
732 2077 831 2152 parte
862 2066 1106 2133 monachorum

157 2171 310 2253 legitime
339 2173 586 2254 probaverunt,
612 2170 706 2255 quod
736 2170 831 2253 prior
857 2177 893 2234 et
915 2175 1106 2233 conventus

158 2271 418 2336 cantuariensis
440 2271 594 2336 ecelesiae
612 2291 634 2336 a
650 2270 765 2352 longis
786 2277 879 2334 retro
895 2267 1107 2352 temporibus

159 2372 345 2437 electiones
372 2372 610 2455 episcoporum
635 2372 671 2435 in
692 2370 845 2454 capitulo
868 2390 932 2434 suo
953 2370 1027 2433 sine
1045 2388 1107 2432 vo-

157 2472 210 2536 bis
228 2470 338 2554 usque
358 2471 403 2536 ad
420 2471 494 2536 haec
510 2479 667 2555 tempora
686 2472 903 2536 celebrarunt
919 2477 954 2534 et
969 2468 1107 2533 casdem

158 2572 383 2638 obtinuerunt
399 2591 421 2636 a
435 2571 516 2636 sede
537 2571 729 2656 apostolica
745 2571 951 2637 confirmari.
994 2568 1027 2633 A
1045 2589 1108 2633 no·

158 2674 211 2738 bis
226 2673 332 2738 etiam
350 2679 385 2738 et
401 2672 710 2756 praedecessoribus
737 2673 863 2736 nostris
890 2691 951 2754 per
968 2670 1108 2753 privile·

160 2773 209 2857 gii
236 2772 401 2857 paginam
428 2780 482 2838 est
503 2779 686 2851 statutum,
710 2780 760 2850 ut,
790 2771 975 2836 decedente
998 2769 1109 2834 archi-

160 2874 323 2958 episcopo
352 2872 607 2950 cantuariensi,
637 2873 752 2936 nullus
779 2873 827 2935 ibi
851 2863 1005 2953 qualibet
1031 2891 1108 2934 sur-

161 2974 327 3058 reptionis
353 2973 484 3037 astutia
505 2992 566 3036 seu
594 2973 757 3037 violentia
784 2978 1019 3056 praeponatur,
1042 2971 1109 3034 nisi

161 3094 261 3157 quem
279 3074 451 3139 communi
473 3073 617 3138 consilio
639 3074 751 3158 major
766 3091 847 3155 pars
864 3071 1108 3136 monachorum

162 3175 296 3239 consilii
320 3170 474 3238 'sanioris
502 3174 689 3238 secundum
716 3173 904 3236 Dominum
930 3179 966 3236 et
992 3190 1108 3235 sacro·

161 3296 236 3339 rum
264 3294 436 3340 canonum
463 3275 660 3339 sanctiones
687 3273 876 3357 providerit
901 3260 1108 3353 eligendum.

165 3375 240 3441 Nos
267 3375 388 3457 igitur,
415 3373 469 3438 his
497 3381 533 3438 et
555 3374 644 3452 eliis,
664 3393 742 3456 quae
764 3392 880 3437 coram
904 3373 1002 3436 nobis
1025 3371 1109 3435 alle·

162 3483 246 3558 gata
265 3476 418 3551 fuerunt,
440 3474 569 3538 auditis
592 3482 627 3540 et
645 3475 891 3557 perspicaciter
913 3472 1111 3549 intellectis,

162 3576 244 3659 quia
273 3582 411 3639 constat
440 3575 628 3652 evidenter,
655 3575 748 3657 quod
770 3594 834 3638 vos
863 3572 937 3637 sine
962 3572 1031 3635 illis
1057 3591 1111 3635 se-

162 3677 310 3741 cundum
336 3675 560 3741 assertionem
587 3681 739 3739 vestram
764 3675 890 3756 eligere
919 3692 989 3736 non
1013 3671 1112 3735 debe-

164 3777 220 3854 tis,
243 3774 420 3839 monachis
444 3775 607 3853 exclusiS,
629 3782 747 3840 vestro
772 3794 840 3837 non
864 3773 958 3837 valet
977 3773 1112 3848 electio,

163 3885 198 3941 et
215 3876 340 3941 electio
360 3874 605 3941 'monachorum
623 3876 698 3939 sine
716 3875 813 3938 vobis
830 3873 1014 3950 celebrata,
1031 3872 1113 3954 quia

165 3996 188 4041 a
223 3977 323 4041 sede¹
346 3973 539 4059 apostolica
576 3975 701 4040 meruit
738 3974 944 4051 confirmari,
976 3973 1114 4037 valebat

163 4095 310 4160 cumque
333 4076 527 4141 necessario
553 4076 655 4139 fuerit
677 4075 844 4139 alterutra
868 4072 1114 4150 confirmanda,

161 4177 205 4243 de
220 4178 395 4243 communi
412 4176 557 4243 fratrum
580 4184 776 4243 nostrorum
797 4175 941 4241 consilio
960 4172 1057 4239 vobis
1079 4179 1115 4236 et
