2858 4876
312 402 334 464 6
568 414 702 461 noonnr
727 413 774 459 nn
797 412 1007 461 wunnovan

153 592 276 633 suurn.
314 572 546 654 sequebantur
567 576 682 633 autem
705 568 783 631 illos
806 587 868 631 sex
892 567 1038 631 comites
1063 574 1098 631 et
1120 569 1271 631 barones

152 641 303 733 filblllllr
315 677 494 755 portantes
520 669 730 734 scaccarium
755 687 873 745 unum,
901 686 1008 749 supra
1036 667 1128 748 quod
1153 669 1270 749 posita

317 778 417 835 erant
447 770 580 851 regalia
612 767 764 849 insignia
793 774 829 831 ct
852 773 980 844 vcsteS,
1012 774 1178 849 sequente
1210 787 1272 831 eos

318 871 443 934 comite
460 888 528 932 uno
548 869 584 932 in
602 868 739 931 excelso
755 886 918 931 coronam
940 886 1080 930 auream
1096 873 1271 948 portante.

319 968 376 1032 Ad
393 966 551 1032 ultimum
568 967 666 1033 venit
682 967 755 1030 dux
773 966 969 1031 Richardus
985 965 1117 1029 habens
1137 966 1273 1048 episco-

319 1089 401 1150 pum
422 1087 528 1130 unum
552 1087 574 1130 a
597 1067 729 1130 dextris
753 1074 788 1130 et
809 1066 914 1129 alium
935 1085 957 1129 a
976 1066 1139 1142 sinistris,
1156 1072 1193 1128 et
1214 1085 1273 1128 su-

319 1187 384 1250 pra
398 1166 478 1231 illos
500 1167 738 1232 umbraculum
758 1166 903 1229 sericum
922 1166 1148 1248 portabatur;
1168 1173 1203 1229 et
1225 1165 1272 1228 ad

320 1267 443 1343 altare,
465 1273 506 1330 ut
526 1267 689 1357 diximus,
708 1266 960 1348 pervenientes,
982 1284 1098 1328 coram
1120 1265 1213 1329 clero
1235 1271 1272 1328 et

320 1367 462 1449 populo,
491 1366 679 1448 propositis
712 1366 944 1430 sacrosanctis
973 1365 1163 1446 evangeliis
1193 1384 1273 1427 cum

321 1467 546 1549 plurimorum
579 1473 777 1530 sanctorum
810 1465 977 1546 reliquiiS,
1002 1465 1149 1548 juravit,
1179 1464 1273 1546 quod

321 1585 454 1648 pacem,
473 1565 637 1629 honorem
661 1584 703 1629 ac
720 1565 949 1629 reverentiam
971 1564 1130 1627 omnibus
1151 1564 1274 1628 diebus

322 1666 405 1729 vitae
436 1685 508 1728 suae
536 1665 690 1747 portabit
722 1664 800 1728 Deo
826 1672 861 1728 et
892 1670 1023 1727 sanctae
1054 1663 1209 1727 ecclesiae
1236 1672 1274 1728 et

322 1765 398 1848 ejus
414 1764 602 1844 ordinatis3
617 1764 751 1848 juravit
766 1764 884 1841 etiam,
901 1764 994 1845 quod
1009 1765 1045 1826 in
1062 1764 1191 1846 populo
1206 1764 1274 1827 sibi

323 1865 505 1928 commisso
532 1870 661 1927 rectam
690 1863 863 1947 justitiam
892 1862 1079 1939 exercebit,
1114 1871 1149 1927 et
1178 1863 1273 1944 quod

323 1963 434 2027 malas
455 1963 550 2044 leges
572 1970 607 2026 ct
629 1964 767 2045 iniquas
789 1963 1068 2038 consuetudines,
1091 1962 1122 2026 si
1147 1963 1274 2045 aliquae

323 2062 452 2126 firerint
475 2063 512 2125 in
534 2082 642 2144 regno
664 2083 740 2140 suo,
766 2063 894 2126 delebit
923 2069 958 2126 et
979 2063 1088 2126 bonas
1111 2063 1275 2126 observa·

323 2162 385 2226 bit.
430 2161 566 2226 Deinde
589 2169 762 2227 exuerunt
782 2181 860 2225 eum
880 2162 1038 2226 omnibus
1063 2162 1275 2226 indumentis

324 2261 395 2324 suis
413 2269 540 2343 praeter
561 2263 704 2327 braccas
724 2268 760 2325 et
778 2261 968 2338 camisiam,
993 2280 1072 2343 quae
1094 2262 1131 2324 in
1151 2281 1274 2344 scapu-

300 2361 304 2367 ’
324 2361 367 2423 lis
385 2360 519 2424 dissuta
535 2369 609 2425 erat
629 2369 770 2443 propter
789 2361 997 2425 unctionem.
1037 2361 1275 2439 BaldewinuS,

325 2459 589 2523 Cantuariensis
618 2460 910 2543 archiepiscopus,
940 2460 1106 2523 sandaliis
1140 2461 1276 2525 calcea-

326 2564 399 2620 tum
417 2577 502 2622 auro
522 2559 641 2636 textis,
657 2560 693 2623 in
710 2561 819 2624 tribus
839 2560 925 2624 locis
945 2579 1023 2623 eum
1043 2561 1146 2624 unxit
1167 2562 1203 2624 in
1222 2582 1277 2625 re-

326 2676 416 2738 gem,
434 2657 595 2722 videlicet
610 2659 646 2721 in
665 2660 791 2741 capite,
810 2660 846 2723 in
863 2660 1015 2741 scapulis
1032 2666 1066 2723 ct
1083 2661 1119 2723 in
1135 2661 1276 2726 brachio

327 2756 463 2834 dextro,
481 2777 560 2822 cum
577 2759 791 2823 orationibus
814 2759 858 2824 ad
883 2760 949 2824 hoc
969 2760 1189 2840 constitutis3
1214 2781 1277 2843 po·

327 2856 394 2919 sito
412 2857 533 2921 deinde
550 2877 655 2940 super
671 2866 777 2941 caput
793 2859 868 2943 ejus
885 2878 1003 2941 panno
1018 2860 1109 2924 lineo
1126 2867 1276 2939 sacrato,

326 2955 454 3038 pileum
470 2956 617 3040 desuper
635 2960 763 3041 posuit,
780 2965 815 3021 ct
832 2959 1006 3040 regalibus
1022 2959 1180 3023 indutum
1198 2980 1276 3026 ves·

327 3055 491 3133 timentis,
509 3077 587 3121 cum
607 3059 725 3122 tunica
741 3065 776 3121 et
796 3058 995 3135 dalmatica,
1010 3059 1153 3123 tradidit
1172 3061 1204 3123 ei
1222 3080 1276 3124 ar-

326 3153 565 3238 chiepiscopus
597 3157 750 3238 gladium
779 3157 823 3220 ad
851 3157 1089 3222 malefactores
1122 3160 1276 3224 ecclesiae

327 3252 587 3336 deprimendos3
611 3276 680 3338 quo
706 3257 811 3333 facte,
838 3256 906 3320 dno
931 3258 1073 3321 comites
1099 3258 1276 3323 calceave-

327 3362 409 3418 runt
437 3355 468 3417 ei
494 3354 655 3432 calcaria,
676 3356 885 3438 indutusque
911 3363 1050 3420 mantea
1074 3358 1276 3441 conjuratus

328 3460 381 3516 est
403 3455 447 3516 ab
465 3453 721 3536 archiepiscopo
742 3475 786 3519 ex
807 3464 906 3537 parte
929 3457 996 3520 Dei
1019 3463 1054 3520 et
1070 3458 1276 3538 prohibitus,

327 3571 372 3615 ne
404 3551 495 3616 hunc
526 3553 691 3618 honorem
723 3555 880 3637 accipere
912 3564 1110 3637 praesumat,
1142 3559 1209 3620 nisi
1239 3559 1276 3621 in

328 3658 442 3716 mente
470 3652 597 3717 haheat
625 3661 844 3717 sacramenta
865 3662 982 3719 tenere
1004 3674 1083 3737 quae
1106 3656 1210 3737 fecit3
1240 3665 1276 3721 et

326 3750 402 3832 ipse
419 3753 607 3835 respondit,
623 3773 660 3818 se
677 3774 739 3837 per
758 3754 925 3820 auxilium
943 3755 1011 3818 Dei
1027 3756 1118 3819 bona
1134 3756 1200 3820 fide
1217 3759 1277 3821 oh-

328 3857 544 3917 servaturum
568 3854 683 3917 omnia
705 3854 913 3935 supradicta.
960 3854 1095 3918 Deinde
1115 3876 1277 3921 coronam

328 3949 370 4013 dc
405 3951 506 4015 altari
541 3954 714 4036 accipiens
745 3972 806 4016 rex
837 3954 979 4018 tradidit
1007 3955 1277 4040 archiepiscopo,

326 4067 432 4129 quam
460 4051 533 4133 ipse
564 4052 671 4135 capiti
706 4053 797 4133 regis
830 4053 1006 4135 imposuit,
1034 4063 1208 4137 sceptrum
1240 4059 1274 4121 in

327 4167 431 4212 manu
456 4150 579 4253 dextra
601 4159 636 4215 et
660 4151 794 4233 virgam
819 4152 970 4233 regalem
995 4153 1030 4215 in
1053 4155 1217 4235 sinistra;
1241 4166 1277 4221 et
