2858 4876
307 384 373 449 320
562 397 696 445 nocam
721 399 767 444 nn
790 396 996 445 wannovnn
1075 455 1079 462 ¹

148 573 269 613 anun·
309 554 385 622 cum
417 556 493 620 aliis
520 556 724 636 quibusdam
753 554 895 631 nuntiis,
919 560 959 617 ut
982 555 1162 617 baronum·
1176 573 1258 636 pro·

308 657 459 738 positum
478 655 684 718 auctoritate
704 655 895 736 apostolica
917 654 1102 716 irritarent.
1156 652 1259 716 Misit

307 757 411 818 etiam
444 753 650 829 Walterum,
677 753 952 833 wigorniensem
984 752 1184 834 episcopum
1221 759 1257 814 et

308 853 447 934 Angliae
462 852 716 928 cancellarium,
731 850 754 914 J
757 850 939 926 ohannem,
954 851 1153 932 episcopum
1167 849 1257 913 Nor·

308 953 502 1028 vicensem,
534 950 747 1014 Richardum
777 949 820 1011 de
850 949 1015 1026 Marisco,
1040 949 1255 1013 Willelmum

284 1049 453 1113 'Gernun
477 1057 513 1113 et
529 1049 714 1130 Hugonem
738 1047 780 1110 de
805 1048 931 1124 BoveS,
954 1048 998 1112 ad
1021 1048 1137 1111 omnia
1152 1048 1257 1111 finiti-

308 1168 366 1211 ma
392 1167 501 1229 regna
524 1148 753 1211 transmarina
776 1166 854 1209 cum
877 1146 992 1228 sigillo
1022 1167 1086 1210 suo
1113 1153 1256 1228 propter

308 1247 456 1310 militare
480 1247 690 1328 praesidium,
713 1247 917 1328 promittens
947 1247 997 1309 eis
1022 1253 1144 1320 terras,
1174 1264 1256 1326 pos-

308 1347 479 1409 sessiones
501 1345 646 1427 amplas,
670 1365 748 1408 cum
772 1345 919 1426 pecunia
945 1364 1012 1408 non
1038 1344 1192 1420 modica3
1219 1350 1254 1406 et

308 1443 352 1506 ad
368 1444 533 1527 majorem
552 1444 665 1521 fidem,
683 1445 712 1507 si
728 1462 868 1507 neccsse
887 1451 990 1520 esset,
1011 1443 1163 1506 facerent
1184 1461 1253 1504 om-

308 1543 409 1605 nibns
432 1543 549 1607 venire
567 1543 762 1606 volentibus
783 1542 924 1606 chartas
944 1542 986 1605 de
1008 1543 1196 1605 securitate
1219 1549 1255 1603 et

307 1641 478 1723 stipendio
492 1641 649 1719 militari,
665 1641 917 1722 terminumque
928 1641 977 1703 eis
994 1639 1158 1722 praefixit,
1171 1659 1255 1720 qua

308 1746 408 1803 tenus
423 1760 500 1803 cum
518 1739 700 1816 universis,
717 1758 805 1822 quos
822 1739 997 1803 attrahere
1012 1745 1185 1821 poterant,
1195 1758 1254 1802 ve-
1320 1735 1323 1739 ’

307 1839 420 1902 nireut
436 1839 480 1901 ad
495 1839 606 1920 ipsum
623 1839 714 1922 apud
732 1838 907 1902 Doveram
925 1838 968 1902 ad
991 1839 1118 1901 festum
1141 1837 1253 1901 sancti

308 1936 501 2001 Michaelis
548 1936 648 2001 Misit
666 1943 835 2020 praeterea
846 1937 966 2000 literas
982 1937 1025 1999 ad
1043 1955 1162 1999 omnes
1177 1955 1254 1999 cas-

306 2037 453 2100 tellanos
476 2055 557 2099 suos
580 2036 622 2099 de
644 2057 752 2117 reguo
774 2035 927 2117 Angliae,
952 2033 1156 2117 praecipiens
1183 2034 1253 2098 sin-

307 2135 410 2215 gulis,
435 2143 475 2199 ut
497 2134 641 2199 castella
662 2154 726 2198 sua
748 2135 841 2199 omni
858 2134 1060 2198 victualium
1084 2139 1120 2197 et
1141 2152 1254 2197 armo-

306 2253 381 2296 rum
405 2253 529 2315 genere
552 2253 629 2296 cum
652 2234 812 2315 praesidio
829 2233 972 2296 militari
991 2234 1042 2297 ita
1067 2233 1252 2309 munirent,

306 2339 345 2395 ut
371 2331 540 2398 sufficeret
567 2333 617 2395 eis
648 2332 691 2394 ad
726 2333 956 2396 defensionem
985 2333 1015 2395 si
1038 2332 1254 2412 contingeret

304 2432 382 2494 illos
396 2431 432 2494 in
446 2431 596 2495 crastino
613 2431 773 2494 obsideri.
812 2432 894 2514 Ipse
909 2437 1026 2494 autem
1043 2450 1106 2494 rex
1114 2430 1251 2494 interim

305 2549 382 2592 cum
399 2531 519 2612 paucis
535 2531 712 2607 ministris
733 2550 820 2613 quos
841 2531 883 2593 de
899 2530 1030 2593 familia
1048 2529 1251 2593 Norwicen-

303 2629 352 2692 sis
374 2629 526 2711 episcopi
550 2629 782 2693 emendicatos
810 2629 971 2705 habebat,
1000 2629 1123 2710 piratae
1150 2648 1250 2691 exer·

303 2746 385 2790 cens
407 2726 567 2803 officinm,
593 2735 776 2792 nautarum
811 2728 876 2791 sibi
906 2727 1057 2809 quinque
1087 2734 1249 2809 portuum

303 2825 452 2906 gratiam
480 2827 701 2890 reconciliare
728 2827 893 2904 vacavit;
927 2827 1045 2908 sicque
1072 2824 1108 2887 in
1135 2826 1251 2890 insula

304 2923 468 3006 praedicta
486 2931 520 2989 et
537 2926 629 2988 circa
643 2925 816 2988 maritima
837 2925 938 3007 quasi
960 2922 1024 2987 s‘ub
1046 2925 1103 2987 dio
1124 2923 1250 3000 latens,

304 3022 396 3085 omni
419 3024 514 3104 regio
531 3024 677 3087 tumultu
700 3025 906 3106 postposito,
926 3016 1005 3105 ¹per
1025 3031 1094 3087 tres
1114 3041 1250 3086 meuses

302 3121 392 3184 inter
408 3121 518 3185 undas
541 3129 575 3186 et
592 3129 775 3187 nautarum
792 3122 938 3203 collegia
959 3121 1150 3185 solitariam
1168 3140 1249 3201 age-

302 3219 360 3282 bat
384 3220 504 3297 vitam,
536 3221 657 3285 maluit
679 3221 770 3284 enim
800 3222 887 3284 mori
914 3239 1018 3303 quam
1045 3220 1103 3283 diu
1132 3218 1248 3284 vivere

303 3319 347 3380 ab
374 3318 509 3401 injuriis
536 3320 704 3383 baronum
734 3319 878 3383 inultus.
931 3318 1168 3382 Veruntamen
1196 3319 1249 3381 in-

303 3418 401 3478 terim
425 3417 562 3481 diversa
583 3418 626 3481 de
649 3439 689 3481 eo
712 3418 925 3483 diversorum
943 3418 1148 3481 versabatur
1172 3435 1251 3481 sen-

302 3515 422 3591 tentia,
445 3517 618 3599 praecipue
643 3537 721 3579 cum
744 3535 765 3579 a
788 3517 995 3600 quibusdam
1016 3517 1178 3598 piscator,
1204 3518 1248 3580 ab

301 3613 379 3677 aliis
404 3622 576 3679 mercator
594 3623 629 3679 et
644 3615 810 3697 piraticus
835 3615 1021 3697 praedator,
1036 3635 1058 3678 a
1075 3614 1251 3678 nonnullis

336 3811 404 3861 ¹Per
419 3815 470 3860 tres
485 3807 600 3878 menses]
625 3812 699 3860 From
718 3812 761 3861 the
786 3812 829 3861 the
840 3816 897 3862 alst
912 3811 942 3860 oi
955 3812 1018 3874 July
1031 3816 1058 3860 at
1069 3811 1180 3873 Oxford,
1195 3811 1247 3860 and

300 3878 372 3928 dates
384 3880 414 3928 of
421 3880 533 3929 charters
548 3896 576 3930 or
591 3881 662 3931 writs
677 3882 704 3930 in
718 3882 761 3930 the
786 3882 841 3930 that
858 3881 951 3943 during
967 3880 1042 3930 muoh
1059 3880 1089 3929 of
1101 3881 1144 3930 the
1159 3881 1246 3929 montb

300 3949 394 3998 Patent
421 3949 493 3998 Rolls
521 3951 572 4000 Mr.
598 3950 690 4012 Hardy
714 3950 761 3999 has
786 3951 815 4000 of
826 3951 974 4012 September
988 3950 1020 3999 he
1031 3963 1086 3999 was
1101 3953 1128 3998 at
1139 3951 1245 4010 Dover;

298 4018 394 4078 proved
414 4018 470 4067 that
490 4033 523 4066 on
545 4019 613 4070 June
636 4019 678 4069 the
702 4019 760 4068 rath
785 4020 995 4080 Introdpxxix.
1017 4018 1250 4068 Thestatementof

298 4086 367 4136 John
374 4102 429 4136 was
440 4087 493 4137 still
505 4091 532 4136 at
543 4088 718 4149 Runnymede,
729 4104 760 4138 on
784 4090 827 4138 the
843 4093 897 4137 text
912 4088 963 4137 had
979 4089 1101 4150 probably
1113 4089 1146 4137 its
1162 4089 1245 4150 origin

297 4155 340 4203 the
348 4157 408 4208 arth
416 4157 448 4205 he
455 4171 509 4205 was
519 4160 545 4205 at
551 4158 719 4221 winchester,
728 4173 760 4207 on
784 4159 843 4220 only
854 4159 881 4206 in
892 4173 908 4207 a
919 4158 1084 4219 traditionary
1096 4163 1188 4218 repon.
