2858 4876
424 426 562 491 rhenus
587 426 856 476 uisroarnnuu.
1067 411 1110 477 ol

164 594 334 651 currente.
375 587 455 651 Rex
473 595 600 663 autem,
615 587 772 651 hostibus
787 586 931 669 fugatis,
948 585 1112 651 audacter
1124 613 1178 654 nn.
1189 613 1246 653 rua.

165 687 315 750 tentoria
340 686 401 769 figi
423 688 589 769 praecepit
612 680 730 751 ¹extra
752 687 871 750 urbem
898 687 934 750 in
961 686 1109 768 quadam

164 786 319 868 planitie,
336 786 380 850 ad
395 787 607 869 inopinatam
623 785 780 850 laetitiam
796 786 1024 850 obsessorum.

192 956 235 1022 Ut
248 979 302 1022 rec
317 958 497 1023 Riedordos
511 980 580 1022 cum
587 958 703 1042 paucis
717 950 893 1042 ²socopiato
908 956 968 1021 duo
981 956 1065 1022 mitt·

353 1079 497 1144 pepones
510 1058 556 1122 ad
567 1059 688 1142 Jppea
702 1051 918 1141 ³iutersecerit.

225 1175 408 1264 Sequenti*
436 1201 518 1247 vero
545 1182 599 1246 die
627 1181 821 1245 nuntiatum
848 1188 902 1244 est
927 1179 1274 1282 Salaadinopoatqmor·

165 1300 280 1361 regem
307 1300 385 1344 cum
411 1280 618 1363 paucissimo
643 1281 824 1345 advenisse
853 1280 1020 1356 exercitu,
1051 1298 1114 1342 uec
1151 1254 1197 1292 '’¹''

165 1380 313 1461 amplius
335 1400 439 1463 quam
466 1381 645 1462 octoginta
665 1381 804 1456 milites,
827 1380 981 1461 exceptis
1010 1378 1114 1441 balis-

165 1480 264 1542 tariis
281 1481 353 1543 suis
368 1481 642 1563 quadringentis,
659 1481 695 1544 in
712 1480 878 1543 comitatu
895 1479 1043 1556 hahere3
1061 1477 1114 1539 ni·

166 1579 235 1642 mio
263 1578 378 1644 furore
410 1581 642 1657 succenditur,
673 1580 851 1660 multaque
877 1577 1114 1659 indignatione

166 1696 250 1759 erga
264 1680 455 1743 exercitum
477 1699 578 1742 suum
598 1686 831 1762 promovetur,
854 1677 947 1760 quod
965 1684 1018 1741 tot
1039 1676 1113 1739 mil-

165 1775 213 1840 iia
238 1777 414 1843 hominum
439 1787 558 1843 atam
591 1779 711 1861 paucis
741 1776 857 1859 fugari
887 1776 1112 1857 debuissent3

167 1877 258 1940 unde
278 1877 322 1940 ad
345 1898 486 1942 suorum
504 1872 757 1942 ⁶consusionem
778 1877 904 1940 ibidem
923 1874 1114 1940 exercitum

168 1974 402 2054 dinumeranS,
451 1977 638 2059 sexaginta
684 1975 753 2039 duo
794 1975 903 2039 millia
945 1975 1115 2058 imperiali

167 2073 280 2139 edicto
302 2077 479 2158 praecepit,
502 2083 542 2139 ut
567 2075 611 2138 ad
637 2074 661 2138 J
663 2094 776 2156 oppen
799 2075 1006 2157 quantocius
1028 2074 1116 2138 redi·

167 2181 256 2249 rent,
289 2174 470 2256 ipsumque
502 2193 617 2254 regem
653 2173 770 2237 vivum
804 2173 869 2236 sibi
902 2179 1043 2255 captum
1078 2173 1116 2235 in

166 2273 318 2335 crastino
345 2279 607 2355 praesentarent.
641 2271 740 2352 Rege
762 2279 878 2336 antem
900 2271 936 2334 in
949 2270 1116 2335 tentoriis

168 2378 270 2434 nocte
291 2371 352 2434 iila
374 2391 452 2436 cum
480 2372 553 2434 suis
576 2371 772 2454 quiescente
804 2370 957 2452 nihilque
984 2370 1115 2434 sinistri

168 2471 378 2552 suspicante,
404 2491 483 2535 ecce
510 2490 643 2534 summo
672 2469 823 2533 diluculo
849 2476 925 2533 tota
949 2488 1034 2551 gens
1057 2489 1117 2533 ne-

169 2569 258 2632 faria
286 2569 473 2635 adveniens
501 2578 617 2633 castra
648 2569 741 2650 regis
768 2569 804 2632 in
835 2569 981 2632 circuitu
1006 2569 1117 2632 valla·

169 2669 232 2746 vit,
250 2676 297 2746 et,
319 2689 363 2733 ne
385 2670 477 2733 ullus
498 2667 770 2750 subterfugiendi
796 2669 832 2731 in
854 2669 1031 2733 civitatem
1056 2687 1116 2750 pa-

169 2774 257 2832 teret
288 2769 415 2846 aditus,
440 2769 593 2832 maxima
623 2767 809 2832 multitudo
839 2786 914 2831 sese
935 2769 1030 2832 intra
1061 2787 1115 2830 ur·

168 2869 245 2930 bem
268 2875 304 2931 et
323 2869 417 2950 regis
439 2869 589 2932 tentoria
610 2868 792 2950 opposuit3
819 2886 865 2930 ex
886 2886 1032 2949 quorum
1052 2887 1113 2931 rex

168 2967 372 3048 magnificus
393 2968 540 3049 strepitu
566 2975 601 3031 et
626 2967 834 3030 clamoribus
858 2985 1045 3049 omnesque
1066 2968 1114 3029 si·

169 3065 240 3129 mul
257 3065 444 3130 Christiani
461 3066 695 3148 expergefacti
716 3072 752 3128 et
773 3065 913 3128 attoniti
934 3066 1041 3128 nimia
1057 3065 1115 3128 ad·

170 3166 351 3229 miratione
368 3166 625 3241 concutiuntur,
647 3184 726 3229 cum
745 3183 783 3227 se
801 3164 952 3245 undique
971 3171 1116 3227 cernunt

170 3265 214 3328 ab
237 3265 384 3328 inimicis
407 3265 538 3328 Christi
558 3264 759 3347 praeclusos.
794 3262 876 3326 Rex
897 3269 1012 3326 autem
1034 3264 1116 3327 snb-

168 3363 255 3441 itum
300 3371 336 3427 et
373 3364 590 3446 inopinatum
629 3382 772 3427 cernens
809 3362 998 3444 periculum
1034 3363 1117 3426 lori·

170 3480 246 3525 cam
270 3462 449 3526 confestim
473 3462 586 3526 induit
607 3481 647 3526 ac
670 3462 767 3526 velut
789 3462 977 3543 pennigero
996 3461 1117 3525 volatu

171 3580 297 3643 equum
323 3562 534 3639 conscendit,
557 3562 718 3645 omnique
738 3561 889 3647 ¹horrore
916 3561 1036 3624 mortis
1062 3560 1118 3623 de-

207 3783 311 3834 ¹Extra
333 3779 445 3853 orbeca]
474 3784 631 3847 Coggeshele
691 3780 892 3848 ’interfecerim
914 3778 1069 3833 ‘Interierit'
1091 3784 1118 3833 in

171 3854 244 3917 adds,
256 3856 311 3904 that
321 3855 381 3916 they
391 3855 467 3905 could
478 3859 521 3904 not
536 3856 632 3903 remain
657 3854 714 3904 MS.

172 3926 199 3973 in
215 3925 256 3972 the
273 3925 325 3986 city
336 3924 374 3974 for
389 3925 432 3974 the
449 3923 576 3974 steuchus
590 3924 632 3973 the
692 3920 862 3990 ‘Sequenti-J
885 3922 1053 3986 Coggeshele,
1068 3924 1118 3974 coi.

172 3994 238 4042 dead
249 3995 337 4042 bodies
348 4007 356 4055 ;
373 3995 420 4044 col.
433 3999 490 4044 824.
657 3997 714 4043 824.

205 4058 381 4132 'Sexaginth
398 4057 597 4125 ‘Quadraginta’
606 4063 632 4112 in
691 4060 896 4127 ‘Confusioaemj
907 4062 1119 4113 ‘Confessionem'

172 4132 243 4193 MS.;
261 4133 307 4182 but
318 4133 410 4196 below,
419 4135 427 4162 ‘
437 4127 585 4195 sexaginta?
657 4133 683 4181 in
695 4133 752 4183 MS.
