2858 4876
421 390 860 447 ruouusrusroamaun.
1049 376 1115 445 201

166 548 317 634 undique
332 549 441 615 clavis
454 549 693 628 candentibus,
707 550 860 633 quinque
875 549 1060 632 digitorum
1077 550 1113 614 in
1126 565 1180 607 nn.
1193 568 1242 607 120⁶
1265 581 1269 589 -

164 650 414 734 longitudinem
440 650 623 734 protensis,
641 649 826 715 crudeliter
842 669 885 714 ex
901 650 992 714 omui
1015 657 1115 734 parte
1126 618 1245 708 h‘dhi

167 752 415 834 torquebatur3
443 750 572 834 illoque
587 751 638 815 sic
652 751 696 813 ah
711 749 776 814 hoc
793 750 870 815 loco
887 750 1017 833 poenali
1032 752 1115 815 sub·

165 851 250 930 lato,
276 851 312 915 in
335 850 417 916 sede
434 851 586 934 propria,
612 870 717 934 quam
739 850 804 914 sibi
828 849 948 914 vivens
969 850 1117 916 fabrica-

166 958 276 1030 verat,
292 951 465 1034 repositus
480 958 533 1016 est
548 950 662 1015 denuo
678 950 895 1016 cruciandus.

442 1092 501 1189 ¹De
514 1123 648 1210 quodam
661 1124 823 1190 sacerdote.

218 1247 387 1314 Sacerdos
413 1248 565 1331 quidam,
596 1268 641 1313 ex
674 1247 839 1313 cathedra
865 1268 929 1314 sua
956 1249 1068 1333 ignita
1095 1264 1117 1317 a

169 1348 334 1414 ministris
357 1348 550 1431 iniquitatis
572 1349 608 1412 iu
634 1348 698 1413 hoc
723 1348 908 1414 ludibrium
933 1351 1117 1416 crudeliter

168 1457 357 1527 extractus,
381 1468 497 1513 coram
518 1448 627 1513 larvis
645 1449 781 1514 sistitur
803 1451 1043 1527 monstruosis,
1059 1471 1116 1516 cu-

164 1549 223 1635 jus
252 1550 408 1632 linguam
435 1549 594 1632 protinus
622 1569 684 1632 per
707 1548 856 1613 medium
883 1551 969 1615 secti
997 1559 1117 1632 guttu-

170 1651 218 1715 ris
243 1650 413 1715 violenter
442 1648 657 1714 extrahendo
688 1650 853 1714 radicitus
881 1652 1117 1734 amputarunt.

172 1749 242 1815 Hic
279 1749 445 1834 populum
484 1748 556 1813 sibi·
593 1750 825 1828 commissum,
864 1771 928 1814 nec
960 1770 1118 1817 sermone

170 1857 301 1915 sanctae
322 1849 587 1925 exhortationis
602 1870 665 1914 uec
688 1851 848 1933 exemplo
870 1851 937 1934 piae
958 1852 1118 1929 actionis,

171 1971 234 2034 pro
259 1950 359 2014 bonis
387 1950 634 2033 temporalibus
663 1952 707 2015 ab
733 1970 775 2014 eo
805 1951 965 2034 receptis,
988 1953 1119 2017 oratio·

159 2071 253 2115 <num
273 2058 335 2115 aut
352 2050 534 2115 missarum
554 2050 730 2132 suffragia,
748 2049 829 2114 dum
847 2051 973 2134 potuit,
997 2071 1119 2134 repen-

171 2150 286 2217 debat.
338 2150 480 2229 Postea,
504 2150 595 2215 sicut
615 2150 659 2214 de
685 2152 834 2234 superbo
856 2150 931 2234 jam
955 2151 1120 2230 diximus,

172 2250 387 2316 membratim
409 2251 505 2314 illum
528 2250 762 2334 discerpentes
780 2252 955 2316 etiterum
972 2252 1122 2317 redinte-

92 2396 96 2402 -
172 2360 313 2434 grantes
328 2352 364 2414 in
380 2350 578 2415 tormentali
592 2349 756 2416 cathedra
771 2351 984 2417 locaverunt.

488 2529 538 2593 De
551 2528 684 2615 quodam
699 2528 808 2594 milite.

225 2656 313 2721 Post
330 2654 422 2719 hunc
443 2653 614 2719 adductus
637 2661 691 2719 est
708 2654 806 2718 miles
823 2655 977 2738 quidam,
994 2654 1054 2737 qui
1070 2655 1122 2719 vi·

175 2765 245 2822 tam
268 2775 366 2820 suam
382 2755 419 2819 in
436 2754 587 2819 caedihus
609 2755 839 2819 innocentium
857 2763 892 2819 et
908 2762 1124 2820 torneamen-

128 2932 135 2944 .
176 2857 221 2921 tis
252 2861 433 2940 peregerat
461 2862 496 2919 et
529 2854 671 2938 rapinis.
735 2854 806 2920 Hic
830 2857 988 2919 omnihus
1018 2857 1123 2920 armis

175 2956 381 3024 militaribus
414 2961 568 3020 armatus
599 2973 687 3038 equo
725 2955 907 3038 nigerrimo
941 2956 1125 3034 insidebat,

175 3057 234 3141 qui
264 3057 398 3140 piceam
427 3054 598 3119 flammam
631 3075 709 3119 cum
735 3056 859 3121 foetore
887 3063 922 3120 et
945 3055 1039 3120 sumo
1063 3076 1125 3139 per

176 3177 216 3222 os
239 3164 274 3222 et
298 3175 412 3234 nares,
439 3174 517 3219 cum
543 3163 725 3238 urgeretur
752 3156 956 3233 calcaribus,
979 3154 1014 3218 in
1042 3174 1127 3239 sup-

176 3258 316 3341 plicium
341 3256 396 3321 sui
421 3255 566 3321 sessoris
593 3254 743 3321 efflabat.
790 3256 884 3321 Sella
909 3255 988 3338 equi
1015 3256 1124 3322 clavis

176 3357 287 3440 igneis
304 3364 340 3422 et
355 3356 543 3440 praelongis
560 3363 636 3425 erat
651 3356 802 3439 undique
824 3355 994 3440 praefixa3
1018 3355 1126 3422 lorica

176 3465 220 3525 et.
233 3457 348 3542 galea,
367 3464 503 3525 scutum
530 3464 565 3522 et
592 3476 714 3535 ocreae,
740 3477 785 3521 ex
811 3464 884 3522 toto
912 3457 1125 3521 flammantia

177 3559 283 3625 nimio
309 3557 365 3623 sui
397 3557 548 3642 pondere
575 3556 718 3622 militem
745 3558 899 3640 graviter
923 3558 1125 3634 onerabant,

177 3659 237 3725 sed
262 3678 333 3726 uon
356 3658 479 3722 minori
500 3657 655 3722 cruciatu
678 3676 755 3722 eum
779 3657 978 3722 medullitus
1002 3677 1127 3722 exure·

176 3761 273 3827 bant.
318 3757 423 3823 Miles
440 3763 570 3835 autem,
584 3763 768 3839 postquam
782 3776 907 3839 equum
923 3777 1025 3822 cursu
1037 3778 1127 3841 prae-
1159 3767 1168 3777 ‘

178 3860 275 3943 cipiti
291 3858 499 3941 agitaverat,
515 3856 721 3939 hastamque
735 3863 856 3921 contra
871 3857 1044 3922 daemoues
1061 3858 1128 3923 sihi

178 3959 358 4025 obviantes
395 3959 497 4041 eique
533 3957 716 4021 illudentes
749 3958 957 4034 vibraverat,
995 3959 1129 4040 priores

179 4058 312 4123 militiae
345 4076 417 4120 suae
455 4064 575 4140 gestus
608 4057 817 4140 replicando,
846 4058 889 4121 ab
922 4057 1007 4141 ipsis
1038 4078 1128 4141 equo

179 4159 570 4246 dejectusmemhratim
589 4159 806 4242 discerpitur,
824 4159 1044 4245 membraque
1067 4179 1130 4224 ex·
