2858 4876
309 393 376 458 346
569 407 704 455 nocam
728 407 775 454 nn
798 404 1007 454 wunnovnn

147 587 271 628 suurn.
309 568 347 629 in
369 565 462 630 aliud
487 571 721 643 commutat03
749 557 913 646 quocirca
935 562 1156 627 universitati
1186 583 1263 628 ves·

225 741 227 746 ¹
310 674 374 730 trae
409 685 471 749 per
508 664 701 747 apostolica
734 663 832 727 vobis
864 663 995 745 scripta
1030 662 1262 745 praecipiendo

310 765 526 843 mandamus
543 771 715 846 quatenus
730 771 766 827 et
779 782 843 827 vos
857 763 1011 845 episcopi
1023 764 1263 845 praescriptam

309 866 516 929 sententiam
538 865 682 928 firmiter
695 863 898 940 observetis,
921 882 1000 926 cum
1021 863 1160 927 interim
1183 863 1263 927 nul-

309 964 378 1029 lam
406 965 515 1029 eidem
532 964 685 1027 debeatis
707 961 936 1028 obedientiam
959 961 1133 1027 exhibere.
1186 963 1262 1027 Da-

309 1072 382 1128 tum
401 1064 577 1141 Laterani,
593 1063 703 1146 pridie
717 1081 828 1127 nonas
841 1061 1071 1126 Novembris?
1123 1063 1193 1126 His
1210 1064 1262 1127 ita

309 1163 428 1246 gestis,
446 1164 603 1228 canonici
621 1163 857 1228 Eboracenses
881 1169 1181 1245 praesentaverunt
1200 1163 1262 1228 do·

308 1251 409 1329 mino'
424 1283 525 1347 papae
548 1263 752 1346 magistrum
775 1262 947 1327 Simonem
971 1262 1013 1325 de
1040 1262 1261 1344 Langetuna,

306 1364 523 1446 postulantes
546 1371 586 1427 ut
599 1362 674 1447 ejus
694 1364 895 1428 electionem
916 1363 1154 1443 confirmaret;
1181 1364 1260 1445 qui-

307 1465 372 1526 bus
392 1483 495 1547 papa,
516 1462 721 1528 ‘Noveritis
749 1463 840 1546 quod
860 1464 973 1545 ipsum
998 1482 1067 1526 non
1093 1463 1259 1526 babemus

226 1592 233 1604 ·
306 1583 369 1644 pro
385 1563 507 1640 electo,
526 1564 608 1645 quia
622 1564 780 1628 illum-ad
796 1570 930 1627 tantam
949 1563 1154 1644 dignitatem
1176 1582 1258 1646 pro-

306 1664 436 1727 moveri
459 1664 562 1728 certis
579 1662 621 1727 de
642 1665 756 1728 causis
779 1684 848 1729 non
869 1669 1089 1745 pateremur3
1115 1670 1162 1741 et,
1179 1683 1256 1728 cum

305 1764 480 1845 praecipue
505 1770 627 1826 contra
649 1763 914 1845 prohibitionem
942 1769 1096 1826 nostram
1118 1764 1188 1826 ista
1211 1765 1258 1828 sit

306 1863 428 1927 electio
453 1863 639 1940 celebrata,
659 1882 722 1927 nos
747 1882 823 1926 eam
850 1881 1027 1926 cassamus
1055 1863 1193 1945 penitus
1222 1870 1258 1927 et

304 1962 340 2025 in
370 1970 573 2045 perpetuum
590 1963 806 2042 damnamus,
829 1964 1051 2027 decernentes
1074 1963 1194 2046 utique
1216 1971 1256 2028 ut

304 2061 502 2144 ineligibilis
532 2062 606 2137 fiat,
636 2082 679 2127 ne
712 2064 843 2145 absque
874 2063 1130 2144 dispensatione
1164 2062 1257 2127 sedis

305 2163 506 2244 apostolicae
530 2162 575 2225 ad
599 2163 831 2245 pontificalem
859 2163 941 2244 eligi
964 2162 1081 2226 valeat
1103 2162 1258 2244 dignita·

305 2260 397 2326 tem.’
439 2261 586 2327 (lassata
599 2262 707 2344 igitur
723 2263 890 2327 electione
903 2261 1082 2344 praedicta,
1095 2262 1256 2327 dominus

304 2380 397 2443 papa
417 2363 591 2426 canonicis
615 2363 792 2445 praecepit,
817 2370 856 2426 ut
882 2362 1000 2425 statim
1025 2363 1061 2424 in
1088 2362 1255 2427 electione

303 2460 548 2543 procederent3
575 2463 629 2526 sin
653 2468 781 2540 autem,
808 2463 883 2546 ipse
903 2462 953 2525 eis
982 2469 1155 2544 pastorem
1180 2462 1256 2526 ido-

303 2581 404 2624 neum
420 2563 628 2644 provideret.
663 2563 763 2626 Tunc
777 2563 946 2638 canonici,
964 2561 1053 2625 sicut
1064 2562 1161 2644 prius
1175 2582 1256 2644 pro-

301 2661 414 2724 visum
435 2662 559 2739 fuerat,
583 2663 761 2744 elegerunt
775 2662 970 2727 Walterum
994 2660 1036 2724 de
1060 2660 1158 2739 Grai,
1182 2663 1256 2744 epi-

302 2779 443 2842 scopum
458 2761 748 2843 Wigorniensem,
765 2768 907 2844 propter
923 2761 1037 2824 carnis
1048 2760 1253 2826 munditiam

303 2866 344 2922 ut
360 2861 571 2937 asserebant,
595 2863 712 2945 utqui
730 2863 774 2926 ab
796 2870 894 2926 utero
917 2861 1036 2924 matris
1053 2860 1152 2943 virgo
1178 2882 1254 2944 per·
1316 2934 1325 2951 ἢ

303 2966 479 3024 manserat
500 2979 611 3043 usque
634 2962 671 3024 in
693 2969 898 3043 praesentem
920 2961 1032 3039 diem3
1062 2960 1106 3024 ad
1122 2961 1188 3025 hoc
1202 2962 1252 3026 di-

303 3059 392 3122 citur
405 3079 498 3142 papa
507 3061 736 3143 respondisse,
747 3066 757 3095 ‘
769 3061 838 3125 Per
849 3067 1007 3125 sanctum
1017 3060 1173 3138 Petrum,
1182 3063 1251 3126 vir-

302 3159 430 3239 ginitas
445 3177 574 3242 magna
584 3161 695 3225 virtus
710 3168 774 3238 est,
790 3168 826 3225 et
835 3180 898 3225 nos
909 3160 1119 3224 eumdamus
1130 3162 1253 3226 vobis!

302 3258 439 3342 Itaque,
455 3267 598 3342 accepto
617 3260 732 3342 pallio,
753 3261 936 3344 episcopus
950 3267 1159 3324 memoratus
1176 3262 1253 3325 red-

301 3358 341 3421 iit
373 3361 408 3422 in
433 3358 611 3442 Angliam,
634 3361 810 3442 obligatus
838 3361 875 3424 in
901 3361 997 3423 curia
1022 3360 1183 3425 Romana
1207 3361 1251 3425 de

299 3457 416 3522 decem
433 3460 584 3524 millibus
599 3460 695 3523 libris
710 3460 875 3541 legalium
889 3459 1144 3542 sterlingorum.
1169 3460 1251 3540 Quo

299 3556 403 3635 facto,
424 3560 599 3623 redierunt
616 3561 651 3623 in
668 3557 832 3641 Angliam
856 3559 1009 3623 Thomas
1031 3559 1074 3623 de
1097 3561 1251 3624 Her-din·

300 3662 383 3720 tona
407 3666 443 3721 et
465 3658 511 3723 G.
529 3659 572 3722 de
591 3659 819 3736 Craucumbe,
839 3659 978 3736 milites,
1001 3660 1251 3744 venientesque

300 3754 343 3817 ad
361 3776 490 3839 regem,
507 3760 566 3842 qui
584 3760 659 3843 jam
675 3758 840 3824 Roffense
862 3766 1015 3824 castrum
1038 3761 1250 3845 subjugave-

298 3863 365 3934 rat,
381 3865 420 3922 ut
437 3857 642 3940 praedictum
658 3866 724 3937 est,
739 3859 918 3923 laetissima
935 3859 967 3923 ei
980 3860 1104 3923 nuntia
1121 3861 1248 3924 retule-

297 3964 389 4020 runt.
442 3957 598 4022 Audiens
622 3966 737 4022 autem
761 3979 823 4023 rex
846 3961 995 4024 barones
1010 3958 1149 4041 Angliee
1172 3980 1248 4026 esse

298 4059 626 4135 excommunicatos
647 4059 943 4143 archiepiscopum
959 4059 1246 4127 Cantuariensem

296 4174 513 4239 suspensum,
529 4158 723 4223 Walterum
748 4160 790 4223 de
807 4160 892 4224 Grai
915 4161 950 4224 in
971 4159 1246 4244 archiepiscopa-
