2858 4876
431 393 570 443 umens
593 393 864 441 ursroumnuu.
1057 375 1122 451 137

214 625 334 712 Incc'Jrit
348 625 385 689 do
399 646 466 711 royc
481 625 624 689 Iohanne
639 633 666 688 ct
681 622 769 689 reim
785 622 873 702 aliie,
892 645 957 708 quae
971 624 1071 709 ipsius

497 724 600 789 ὠὶθόπε
611 734 696 811 qesta
710 733 790 788 sunt.

238 848 534 917 victoriosissimo
575 851 769 932 Anglorum
812 869 893 931 rege
942 849 1185 951 Richardow
1150 865 1251 953 muto·

172 949 262 1012 viem
293 949 464 1015 universae
490 952 616 1029 carniS,
644 959 683 1016 ut
705 951 833 1014 dictum
862 957 928 1027 est,
950 950 1143 1032 ingre-remo
1130 964 1223 1004 monh

170 1047 349 1114 lohannes
370 1049 477 1114 freter
504 1047 593 1166 ejus,
614 1071 728 1115 comes
753 1050 951 1127 Moretonii‚
968 1051 1120 1114 servien-

171 1155 223 1212 tes
243 1149 360 1214 lratris
382 1151 437 1215 sui
457 1152 638 1216 universos
659 1150 854 1233 militesque
876 1150 1119 1232 stipendiarios

171 1268 248 1312 cum
264 1249 405 1320 ,honore
436 1252 590 1329 retinuit,
626 1252 736 1315 multe
766 1251 816 1314 eis
844 1250 1010 1315 donativa
1037 1271 1118 1333 pro-

170 1349 336 1430 mittens3
360 1358 395 1416 et
415 1352 572 1433 protinus
599 1351 810 1426 Hubertum,
833 1349 1118 1417 Cantuaricnscm

171 1449 477 1533 archiepiscopum,
491 1459 527 1516 et
544 1446 772 1516 ¹Willelmnm
796 1450 1065 1514 Mareschallum
1082 1453 1118 1517 in

172 1547 336 1631 Angliam
357 1551 485 1616 direxit
508 1553 551 1615 ad
571 1571 691 1635 pacem
716 1570 815 1614 suam
841 1551 966 1613 ibidem
986 1551 1119 1615 denun-

172 1648 324 1714 tiandam
343 1658 377 1715 et
391 1652 650 1716 custodiendam
666 1671 825 1717 unacum
843 1649 1013 1715 Gaufrido
1031 1652 1119 1715 lilio-

174 1747 271 1818 Petri
293 1756 377 1817 tunc
393 1751 589 1835 justiciario
608 1760 642 1817 et
662 1751 741 1814 aliis
762 1751 987 1833 optimatibus
1008 1751 1117 1834 regni.

173 1847 252 1928 Quo
273 1870 352 1915 cum
376 1852 627 1934 pervenissent,
648 1851 803 1916 feceruut
825 1850 981 1915 homines
997 1853 1118 1935 jurare

171 1949 369 2015 fidelitatem
392 1953 510 2016 comiti
527 1953 551 2018 J
553 1952 692 2028 ohanni,
716 1959 821 2035 atque
840 1971 1003 2015 unacum
1022 1950 1119 2016 Gau·

172 2049 260 2115 frido
288 2050 475 2117 filio-Petri
509 2053 602 2135 apud
634 2051 960 2133 Northamptoniam
992 2071 1116 2115 conve·

171 2149 304 2215 nientes
337 2159 617 2217 convocaverunt
653 2171 814 2235 proceres
848 2152 1038 2229 universos,
1075 2152 1117 2217 de

171 2251 295 2333 quibus
318 2253 429 2335 magis
453 2253 670 2331 dubitabant,
696 2261 730 2317 et
750 2251 905 2315 fecerunt
924 2251 993 2314 illis
1016 2251 1117 2318 fidem

170 2351 261 2432 quod
283 2371 399 2431 comes
421 2352 445 2417 J
447 2352 600 2418 ohannes
617 2352 701 2436 jura
718 2371 782 2416 sua
805 2351 961 2415 redderet
980 2353 1117 2417 univer-

170 2450 241 2531 εἰη
267 2452 419 2519 subtuli
443 2453 552 2535 igitur
572 2454 801 2518 conventione
825 2451 968 2515 comites
996 2459 1030 2515 et
1057 2453 1118 2517 ba·

170 2570 269 2617 mnes
289 2553 408 2619 comiti
427 2561 616 2619 memorato
636 2553 836 2618 fidelitatem
859 2558 981 2617 contra
1000 2572 1119 2616 omnes

169 2651 324 2718 homines
337 2653 555 2737 juraveruut.
600 2652 777 2719 Willelmo
795 2672 889 2729 vero,
907 2653 982 2734 rogi
996 2653 1117 2717 Scoto·
1183 2738 1186 2744 Ι

169 2770 256 2831 rum,
278 2773 341 2836 per
363 2754 589 2819 Eustachium
616 2753 659 2823 de
681 2752 786 2817 Vesci
815 2753 1118 2830 denuntiaverunt,
1139 2804 1143 2809 .

169 2853 260 2935 quod
288 2855 325 2918 in
351 2854 464 2919 reditu
493 2874 556 2918 suo
585 2855 621 2918 in
647 2853 813 2936 Angliam
842 2852 950 2917 eidem
979 2853 1117 2917 satisfa-

168 2961 261 3019 ceret
281 2952 324 3018 de
343 2953 423 3038 jure
443 2974 506 3019 suo
529 2955 565 3018 in
587 2953 727 3036 Angue,
750 2953 834 3017 sici
857 2953 993 3016 interim
1016 2953 1116 3016 fidem

168 3061 322 3118 servaret
341 3061 377 3120 et
399 3073 543 3138 pacem3
571 3062 605 3119 et
628 3055 678 3117 sic
704 3055 747 3118 ab
771 3053 928 3117 omnibus
950 3053 986 3116 in
1010 3072 1117 3135 regno

168 3150 307 3237 Angliae
322 3155 366 3218 lis
381 3163 417 3219 et
433 3155 610 3221 contentio
625 3154 834 3237 conquievit.

195 3338 285 3421 Quod
296 3339 426 3427 meldum
438 3352 619 3429 mennatum
633 3344 737 3408 comiti
751 3343 904 3420 Jolrcunl,
919 3343 1090 3428 etquidem

484 3443 626 3508 Arcturo
638 3444 841 3509 adheserunt

231 3560 374 3630 Comes²
396 3586 479 3633 vero
506 3567 698 3647 Johanncs,
725 3571 805 3633 dum
828 3569 936 3632 haec
926 3589 962 3632 m
984 3568 1235 3679 Angliarznen

165 3674 364 3747 agerentur,
385 3669 539 3750 perrexit
560 3670 602 3732 ad
625 3670 828 3747 chinonem,
852 3669 910 3732 ubi
931 3640 1210 3733 thesaurusiiitii‘u'f

165 3773 240 3830 erat
262 3767 354 3849 regis
376 3766 541 3848 defuncti,
558 3789 660 3852 quem
684 3770 860 3834 Robertus
876 3771 918 3834 de
935 3769 1113 3833 Turnham

163 3864 200 3929 in
221 3867 381 3932 custodia
409 3866 538 3933 habens
563 3869 711 3935 reddidit
732 3871 763 3935 ei
794 3891 869 3935 cum
897 3870 1049 3935 castellis
1071 3871 1114 3933 de

1179 3603 1235 3680 ueln

198 4040 207 4073 ¹
224 4044 372 4095 Wlllelmum
402 4045 625 4108 clarescentem]
689 4043 817 4108 ²Gentes]
834 4046 963 4095 verbatim
980 4046 1041 4095 from
1061 4047 1114 4095 Ho-

163 4115 296 4234 ‘qggmitem
307 4109 484 4177 chtrigoi13’
510 4116 580 4165 Hor.
598 4132 623 4177 p.
654 4117 743 4177 voden,
751 4133 776 4177 p.
789 4121 847 4165 792.
