2858 4876
162 575 216 614 nl).
227 575 283 613 121³.

162 1173 274 1222 Pandulph

162 1230 247 1264 returns
256 1228 278 1263 to

161 1277 247 1316 Franco.

321 384 387 449 256
577 400 710 448 uocuur
736 399 782 447 uu
806 399 1014 447 wnunovnn

322 561 517 643 puniretur,
545 559 576 622 si
607 557 697 621 enim
728 577 782 634 ea,
814 577 892 640 quae
919 557 1077 640 superius
1099 563 1200 638 gesta
1227 556 1277 620 le-

323 669 465 743 guntur,
497 658 670 723 subtiliter
699 658 967 740 perpendantur,
993 658 1276 739 comprobabitur

323 760 435 843 ipsum
451 760 666 823 mendacium
682 778 751 822 non
769 757 911 822 dixisse.

345 932 387 997 Ut
397 930 608 1017 Pondahrics
619 953 687 996 eane
694 940 790 1016 purte
805 931 1006 996 restitutionis
1017 931 1204 995 emiorum
1218 929 1265 994 od

598 1031 725 1096 Gallias
740 1031 1005 1115 transfretaverit.

375 1156 444 1219 His
462 1157 512 1220 ita
527 1157 647 1238 gestie,
665 1155 893 1238 Pandulphus
907 1175 984 1219 curn
1003 1155 1132 1220 chartis
1147 1174 1279 1218 memo-

325 1258 409 1320 ratis
439 1257 678 1320 transfretavit
699 1256 742 1320 ad
764 1255 912 1332 Galliae,
935 1262 1014 1319 octo
1039 1255 1148 1318 milha
1170 1254 1276 1318 libras

324 1356 587 1437 esterlingorum
610 1374 726 1419 seeum
748 1375 883 1437 gerere,
908 1363 946 1418 ut
964 1354 1224 1436 archiepiscopo
1243 1362 1279 1418 et

325 1456 508 1538 episcopie,
530 1456 776 1537 monachisque
802 1454 1123 1530 cantuariensibus
1148 1473 1189 1517 ac
1210 1474 1279 1518 cae·

326 1556 409 1620 teris
432 1574 538 1619 causa
565 1555 739 1619 interdicti
763 1555 1017 1629 exsulantibus
1041 1555 1076 1617 in
1104 1561 1204 1636 parte
1226 1574 1279 1617 re-

296 1730 299 1734 ,
327 1654 517 1718 stitutionis
537 1655 665 1719 faceret
684 1655 889 1719 ablatorum.
943 1654 1031 1719 Cum
1049 1661 1164 1718 autem
1180 1662 1280 1718 tenor

327 1754 525 1818 chartarum
547 1763 582 1819 et
602 1755 757 1837 praefatae
779 1756 876 1837 pacis
897 1755 1009 1820 forma
1030 1754 1099 1818 illis
1120 1754 1279 1818 omnibus

327 1855 526 1936 placuisset,
560 1855 734 1937 persuasit
765 1855 947 1936 diligenter
974 1853 1214 1936 Pandulphus,
1240 1861 1280 1917 ut

327 1954 469 2036 pacifice
490 1954 641 2018 redirent
665 1955 701 2017 in
716 1954 880 2036 Angliam
901 1954 1053 2036 episcopi
1076 1953 1280 2035 supradicti,

328 2055 502 2118 residuum
523 2054 751 2118 restitutionis
773 2055 866 2118 illico
884 2055 1093 2137 percepturi.
1126 2047 1280 2117 ¹Deinde

328 2173 445 2236 regem
458 2155 669 2219 Francorum
685 2154 870 2236 diligenter
890 2155 1073 2218 admonere
1087 2155 1206 2236 coepit,
1220 2155 1280 2237 qui

324 2253 399 2336 jam
415 2261 557 2335 paratus
581 2253 692 2318 fuerat
710 2255 746 2317 in
768 2255 1040 2319 manuviolenta
1059 2254 1102 2318 ad
1115 2253 1280 2335 Angliam

328 2353 499 2417 hostiliter
516 2353 752 2430 transfretare,
771 2362 810 2418 ut
822 2355 1002 2418 desisteret
1020 2353 1234 2436 aproposito
1245 2361 1281 2418 et

329 2454 373 2516 ad
398 2454 538 2536 propria
561 2454 704 2536 pacifice
730 2462 919 2533 remearet3
956 2474 1023 2518 non
1051 2454 1143 2517 enim
1164 2454 1282 2536 potuit

328 2552 403 2616 siue
425 2552 610 2617 offensione
633 2554 757 2616 summi
785 2554 957 2636 pontificis
989 2561 1115 2618 terram
1143 2552 1282 2635 Angliae

330 2652 384 2716 vel
411 2653 524 2735 ipsum
547 2673 663 2735 regem
686 2653 861 2730 infestare,
888 2673 966 2717 cum
987 2653 1046 2717 ille
1068 2660 1212 2736 paratus
1236 2654 1282 2717 sit

330 2752 407 2815 Deo
434 2760 469 2816 et
487 2759 617 2816 sanctae
641 2753 794 2817 ecclesiae
818 2753 962 2837 ejusque
984 2753 1153 2817 ordinatis
1176 2753 1280 2816 satis·

329 2852 454 2929 facere,
477 2859 582 2935 atque
599 2853 726 2916 domini
742 2872 843 2935 papae
866 2852 1046 2917 catholicis
1064 2852 1282 2936 jussionibus

330 2953 479 3016 obedire.
535 2951 625 3015 Haec
658 2953 802 3016 audiens
830 2973 891 3016 rex
928 2953 1141 3017 Francorum
1171 2950 1283 3016 iratus

330 3052 432 3115 valde
447 3051 548 3128 dixit,
567 3053 696 3135 sejam
720 3053 756 3114 in
780 3061 951 3134 apparatu
975 3053 1127 3128 navium,
1144 3052 1281 3116 victua-

331 3150 414 3213 lium
439 3158 474 3215 et
497 3171 669 3214 armorum
690 3151 875 3234 plusquam
900 3151 1085 3233 sexaginta
1108 3151 1218 3215 millia
1239 3152 1282 3215 li·

330 3250 411 3312 bras
439 3251 656 3333 expendisse,
688 3258 723 3315 et
751 3271 796 3314 ex
822 3259 996 3334 praecepto
1025 3251 1153 3316 domini
1181 3271 1282 3334 papae

331 3349 481 3414 lahorem
505 3351 686 3432 praefatum
709 3359 744 3415 et
761 3351 797 3414 in
812 3359 1030 3434 peccatorum
1048 3351 1284 3414 remissionem

331 3450 544 3531 suscepisse3
568 3458 615 3528 et,
627 3458 666 3514 ut
682 3470 801 3515 verum
818 3452 1000 3528 fateamur,
1012 3451 1103 3515 idem
1119 3470 1183 3514 rex
1200 3469 1284 3532 suga

330 3549 545 3629 gestionibus
564 3549 761 3632 Pandulphi
785 3569 963 3614 assensum
979 3550 1176 3615 nullatenus
1193 3570 1284 3632 prae-

330 3649 474 3725 buisset,
501 3649 568 3711 nisi
590 3650 684 3714 solus
712 3669 827 3714 comes
852 3650 1075 3714 Flandrensis
1100 3649 1284 3733 Philippus

330 3748 443 3830 ipsum
482 3748 581 3831 sequi
620 3750 900 3827 contradixisset,
937 3749 1051 3814 fuerat
1085 3750 1176 3813 enim
1210 3751 1285 3832 regi

330 3846 525 3929 Anglorum
555 3849 809 3914 confoederatus
837 3858 872 3914 et
895 3851 973 3914 ideo
996 3856 1119 3915 contra
1139 3855 1284 3932 pactum

314 3968 429 4011 ‘suum
444 3950 559 4011 venire
574 3948 697 4012 noluit.
750 3950 853 4013 Dixit
869 3957 1039 4033 praeterea
1051 3949 1142 4014 idem
1157 3969 1285 4027 comae,

365 4121 497 4188 ¹Deiade.]
520 4124 574 4173 'l'he
591 4126 726 4175 certificate
749 4127 778 4175 of
792 4127 930 4189 Pandulph
947 4131 973 4176 to
990 4127 1081 4177 Johu's
1099 4127 1244 4177 absolutior
1263 4128 1286 4177 is

329 4196 403 4257 given
414 4196 440 4243 in
453 4196 555 4258 Rymer,
566 4195 584 4246 i.
596 4209 623 4256 p.
635 4199 691 4245 112.
