2858 4876
343 375 406 441 158
597 393 730 441 norum
757 394 803 441 ou
826 393 1032 442 wuuoovnn

180 568 236 608 Ad>-
247 569 303 608 120⁰·
342 553 418 617 dem
441 553 594 618 ecclesiae
611 552 838 618 cancellarius
855 553 976 618 volens
997 551 1160 634 experiri,
1178 560 1293 617 utrum

180 619 227 658 Lite
236 620 259 658 ol

179 670 287 767 3:133&
342 661 483 737 propter
499 654 565 718 hoc
582 654 686 718 elatio
702 660 862 734 tangeret
877 653 1029 717 animum
1047 653 1124 729 viri,
1140 651 1231 717 dixit
1246 653 1291 716 ad

178 769 275 809 Lincoln·
342 774 432 830 eum,
450 753 646 818 ‘Martinus
662 753 836 835 leprosum
854 752 1042 818 osculando
1062 753 1212 829 sanavit,
1228 771 1292 817 vos

341 854 507 936 leprosos,
524 873 611 936 quos
627 852 841 930 osculamini,
856 872 925 916 non
941 852 1098 917 sanatis.'
1136 851 1202 916 Cui
1218 852 1291 934 epi-

342 972 467 1036 scopus
486 952 712 1017 incontinenti
731 953 920 1035 respondit,
934 957 944 987 ‘
959 952 1126 1017 Osculum
1145 952 1290 1016 Martini

341 1072 480 1117 carnem
514 1053 640 1135 leprosi
674 1052 824 1129 sanavit,
857 1053 1013 1117 osculum
1042 1072 1126 1116 vero
1162 1053 1291 1135 leprosi

342 1154 493 1216 animam
515 1172 625 1215 meam
648 1152 774 1216 sanat!
826 1152 869 1215 In
892 1152 1037 1217 mortuis
1060 1171 1144 1215 sane
1165 1152 1290 1234 sepeli-

342 1253 439 1316 endis
461 1260 533 1316 tam
554 1253 702 1333 diligens
723 1252 949 1342 humanitatis
968 1252 1167 1334 obsequium
1192 1252 1291 1316 exhi-

342 1354 422 1416 bere
437 1359 676 1430 consueverat,
692 1360 732 1417 ut
747 1351 879 1415 nullum
896 1359 1069 1416 mortuum
1085 1353 1290 1434 praeteriret,

341 1452 441 1537 cujus
463 1453 651 1535 sepulturae
675 1452 900 1516 ministerium
926 1453 992 1516 sibi
1015 1461 1214 1534 competens
1236 1453 1289 1517 vi·

340 1552 491 1617 deretur.
542 1551 681 1616 Accidit
704 1560 820 1616 autem
844 1552 993 1634 quodam
1017 1554 1289 1634 tempore,du1n

341 1655 396 1717 vir
412 1660 553 1716 sanctus
571 1651 663 1715 circa
679 1654 796 1733 gregis
815 1652 869 1715 sui
889 1671 1007 1716 curam
1021 1653 1170 1733 vigilans
1186 1672 1289 1734 paro·

342 1753 437 1817 chias
458 1753 616 1818 visitaret
637 1759 673 1816 et
701 1752 745 1815 ad
768 1751 886 1815 villam
908 1752 1094 1835 quandam,
1120 1751 1289 1816 Alcmun·

341 1853 458 1917 deberi
474 1853 699 1929 nominatam,
713 1852 920 1934 perveniret,
937 1859 1096 1934 parentes
1108 1852 1289 1937 cujusdam

339 1954 494 2030 infantis,
510 1955 623 2036 ipsum
640 1972 785 2035 parvum
805 1971 904 2035 paene
921 1953 1114 2016 exanimem
1133 1952 1288 2017 deferen-

342 2053 597 2130 teS,auxili11m
619 2052 792 2135 pontificis
816 2052 1109 2136 lachrymabiliter
1132 2053 1286 2135 postula·

340 2154 436 2216 bant.
503 2153 676 2236 Episcopo
703 2173 786 2218 vero
817 2153 1005 2236 requirenti
1035 2153 1117 2234 quid
1146 2153 1288 2231 vellent,

340 2261 452 2317 mater
470 2253 568 2335 pueri
584 2253 772 2335 respondit,
790 2257 801 2287 ‘
817 2253 891 2316 Iste
910 2250 1076 2336 parvulus
1093 2252 1185 2317 filius
1207 2274 1288 2318 nos·

339 2360 393 2416 ter
420 2359 553 2435 partem
581 2353 760 2437 cujusdam
791 2353 929 2416 laminae
956 2353 1076 2417 serreae
1105 2353 1288 2417 habentem

338 2453 375 2517 in
400 2452 616 2535 longitudine
644 2461 679 2518 et
705 2453 888 2518 latitudine
918 2454 1101 2536 plusquam
1127 2453 1287 2535 pollicem

339 2574 444 2616 unum
469 2574 574 2617 manu
595 2554 736 2636 recepit,
758 2560 794 2617 et
815 2573 909 2617 more
929 2552 1064 2635 parvuli
1082 2552 1127 2616 ad
1147 2572 1186 2617 os
1206 2555 1287 2619 mit·

339 2662 415 2717 tens
433 2654 629 2734 deglutivit,
652 2673 729 2735 quaa
756 2653 889 2733 gutturi
907 2653 982 2737 ejus
1004 2652 1146 2717 firmiter
1168 2652 1287 2718 adhae-

314 2763 418 2816 ‘rens
449 2773 592 2836 puerum
621 2753 708 2817 mori
738 2752 939 2835 compellit3
980 2752 1075 2818 misit
1100 2754 1219 2835 itaque
1250 2763 1286 2819 te

338 2853 522 2930 Dominus,
546 2859 645 2935 pater
667 2860 798 2928 sancte,
818 2859 858 2917 ut
877 2853 986 2916 filium
1008 2860 1164 2917 nostrum
1184 2854 1285 2918 nobis

337 2954 502 3018 restituas
527 2954 563 3016 in
589 2952 711 3016 ultimo
740 2954 823 3017 vitae
855 2953 1002 3017 articulo
1034 2953 1287 3036 palpitantem.'

338 3054 451 3132 Quem
468 3052 654 3136 respiciens
676 3052 872 3136 episcopus,
895 3060 1016 3135 guttur
1032 3053 1108 3137 ejus
1126 3060 1287 3135 tangenS,

336 3154 525 3230 benedixit,
540 3143 739 3218 ‘insufflavit
759 3159 794 3217 et
814 3154 926 3217 crucis
948 3153 1144 3217 charactere
1166 3153 1287 3236 signa-

337 3255 389 3318 vit
405 3273 445 3319 ac
465 3252 616 3330 dimisit3
640 3273 786 3335 cumque
805 3261 966 3336 parentes
989 3273 1133 3335 puerum
1150 3255 1193 3317 ab
1212 3256 1286 3337 epi-

337 3357 443 3437 scopo
464 3355 685 3436 recepissent,
706 3353 833 3417 ferrum
857 3354 1021 3418 continuo
1045 3353 1288 3435 sanguinolen-

337 3463 410 3520 tum
433 3455 588 3520 exsilivit
610 3461 645 3518 et
670 3461 813 3518 sanatus
839 3461 894 3518 est
915 3474 1001 3536 puer
1023 3473 1067 3516 ex
1097 3453 1158 3517 illa
1188 3453 1286 3520 hora.

336 3554 419 3620 Alio
442 3573 579 3638 quoque
598 3560 763 3635 tempore,
783 3554 865 3617 dum
888 3554 942 3619 vir
963 3560 1105 3617 sanctus
1132 3573 1194 3635 per
1220 3556 1286 3620 vil·

336 3656 418 3733 lam,
433 3673 511 3738 quae
527 3652 756 3717 Cestrehunte
774 3655 982 3737 appellatur,
997 3653 1181 3718 transitum
1196 3654 1287 3720 face-

335 3765 400 3831 ret,
427 3753 710 3836 supplicaverunt
735 3773 813 3818 eum
839 3762 1001 3837 parentes
1026 3753 1207 3838 cujusdam
1230 3755 1285 3819 su-

335 3854 431 3932 riosi,
451 3854 511 3936 qui
529 3872 592 3937 per
609 3861 680 3917 tres
704 3854 935 3918 hebdomadas
960 3855 1034 3919 sine
1053 3853 1201 3918 vinculis
1225 3855 1286 3920 de·

335 3955 436 4018 tineri
453 3974 522 4018 non
535 3954 668 4036 potuit,
680 3961 719 4018 ut
736 3974 812 4018 eum
828 3955 970 4020 visitare
986 3962 1022 4019 et
1038 3954 1070 4018 ei
1084 3954 1286 4020 benedicere

333 4055 560 4136 dignaretur3
591 4074 660 4137 quo
693 4053 823 4131 audito,
853 4055 908 4120 vir
944 4062 1086 4119 sanctus
1119 4074 1164 4117 ex
1194 4075 1284 4138 equo

332 4155 494 4220 desiliens
517 4154 562 4218 ad
587 4154 755 4218 furiosum
777 4147 950 4221 accessit.''
986 4155 1072 4220 Erat
1094 4163 1209 4220 autem
1229 4176 1285 4222 ca·
