2858 4876
310 376 376 448 lod
566 397 699 446 rosnat
723 401 771 446 nn
794 391 1000 446 wnunovuu'

150 574 273 615 avana·
312 566 411 625 reatu
435 580 499 624 suo
525 558 725 643 poenitendo
746 559 802 624 vel
829 559 974 622 aliorum
997 556 1170 633 remediis,
1192 575 1261 618 me,-

150 625 304 764 filiun
313 661 463 725 ruissent
488 661 524 723 in
544 659 606 723 illo
629 658 759 742 poenali
783 658 887 722 exilio
905 658 950 721 ad
971 657 1165 740 ingressum
1193 672 1261 718 cao·

171 735 184 764 ⁹
223 733 266 764 ω’
312 760 409 824 lestis
433 760 557 842 patriae
581 758 792 841 praeparari3
817 756 970 822 universi
983 758 1101 839 itaque
1117 753 1166 819 ibi
1180 773 1260 818 con-

313 861 427 923 stituti
444 857 662 941 capessendae
679 857 802 922 salutis
827 855 1013 939 aliquando
1036 875 1132 938 spem
1156 852 1262 916 hahe-

312 959 409 1023 bant.
462 957 641 1037 Quosdam
668 976 750 1022 vero
773 958 935 1038 graviora
956 956 1138 1019 cernebam
1161 973 1267 1036 aequo

314 1059 429 1123 animo
449 1057 599 1141 perferre
615 1056 797 1139 supplicia,
815 1062 860 1133 et,
878 1055 978 1138 quasi
993 1055 1036 1119 de
1052 1050 1264 1118 conscientia

315 1157 381 1221 sibi
407 1156 569 1239 repositae
601 1154 780 1233 mercedis,
811 1154 982 1220 horrenda
1007 1173 1085 1237 quae
1113 1153 1263 1236 perfere-

314 1246 400 1320 bant
426 1261 598 1320 tormenta
619 1255 711 1320 levia
733 1261 905 1337 reputare.
958 1252 1155 1317 Nonnullos
1180 1272 1265 1315 con·

297 1345 501 1438 'spiciebam
524 1354 567 1418 de
591 1355 680 1432 loco,
697 1374 766 1436 quo
786 1356 1048 1436 torquebantur,
1068 1351 1183 1416 subito
1201 1371 1263 1415 ex-

316 1455 409 1519 silire
425 1462 461 1519 et
474 1455 566 1520 viam
581 1454 625 1518 ad
646 1454 812 1518 ulteriora
835 1454 1034 1517 tendentem
1054 1452 1150 1516 ocius
1168 1451 1269 1514 festi·

315 1554 432 1617 nando
463 1573 616 1636 carpere,
649 1572 735 1636 quos
767 1559 907 1635 repente
939 1551 1187 1634 emergen[te]s
1219 1552 1265 1614 ab

315 1643 405 1730 imis,
426 1652 565 1716 flamma
583 1652 753 1716 dirissime
772 1652 1017 1734 conflagratOS,
1039 1672 1118 1716 cum
1137 1649 1265 1715 triden-

317 1752 410 1815 tibus
436 1759 471 1815 et
497 1751 616 1834 flagris
638 1759 673 1816 et
699 1758 871 1834 apparatu
893 1752 991 1816 vario
1015 1756 1264 1815 tormentorum

317 1845 551 1915 accurrentes¹
576 1851 689 1914 denuo
712 1858 859 1916 tortores
887 1851 1001 1933 poenis
1024 1851 1265 1927 restituebant,

316 1949 352 2012 in
372 1950 619 2014 eossaevitiam
637 1970 772 2015 omnem
793 1951 918 2014 iterum
938 1951 1116 2031 exacturi3
1140 1949 1264 2013 nihilo-

316 2039 431 2112 minus
453 2049 502 2112 sic
525 2050 616 2127 caesi,
639 2051 689 2113 sic
711 2051 793 2127 usti,
818 2057 854 2114 et
873 2050 1035 2114 caedendo
1059 2048 1266 2133 praecordia-

316 2147 396 2212 liter
424 2149 600 2232 discerpti,
625 2148 738 2213 denuo
771 2150 970 2227 evadentes
999 2149 1102 2213 simili
1131 2168 1268 2230 semper

317 2248 513 2312 conditione
538 2249 683 2313 ulterius
703 2250 890 2314 tendebant
913 2248 956 2314 de
981 2249 1196 2331 gravissimis
1222 2248 1265 2312 ad

314 2347 511 2436 tolerabilia
535 2348 670 2432 jugiter
697 2349 946 2428 succedentes3
980 2348 1185 2431 quibusdam
1207 2369 1268 2413 ve·

317 2464 356 2509 ro
381 2446 423 2511 de
451 2448 674 2512 atrocissimis
702 2448 746 2514 ad
769 2447 961 2513 crudeliora
988 2469 1057 2512 non
1089 2447 1266 2532 profectis,

317 2546 522 2610 miserabilis
547 2549 702 2611 restabat
716 2547 891 2628 deseotns3
914 2547 1042 2629 singuli
1068 2548 1268 2611 tractaban-

317 2651 375 2708 tur
404 2645 541 2728 quidem
568 2646 754 2710 secundum
781 2648 837 2711 vel
860 2647 954 2730 quod
979 2646 1134 2729 pristinis
1161 2647 1267 2731 juva·

317 2743 446 2808 bantur
467 2745 522 2810 vel
543 2746 819 2827 impediebantur
840 2747 983 2823 meritis,
1014 2747 1068 2811 vel
1098 2747 1266 2811 bonorum

318 2863 458 2927 operum
499 2845 673 2908 beneficiis
713 2845 912 2910 amicorum.
964 2845 1117 2910 Infinitae
1155 2853 1266 2924 erant,

318 2956 405 3023 quas
421 2943 503 3020 vidi,
519 2943 651 3026 species
667 2963 849 3026 poenarum
864 2965 873 3024 3
897 2944 933 3007 hi
955 2946 1000 3009 ad
1022 2947 1136 3028 ignem
1160 2952 1267 3009 torre·

317 3041 456 3119 bantur,
479 3042 514 3105 hi
539 3043 575 3105 in
600 3044 776 3126 sartagine
794 3043 1022 3126 frigebantur,
1046 3045 1109 3109 hos
1131 3063 1266 3126 ungues

317 3139 411 3222 ignei
426 3141 470 3206 ad
488 3161 568 3206 ossa
590 3161 699 3224 usque
721 3150 757 3208 et
779 3163 984 3226 compagum
1007 3144 1267 3208 dissolutionem

317 3239 470 3304 radendo
499 3241 692 3319 sulcabant,
719 3243 782 3307 hos
800 3243 926 3307 balnea
947 3244 1023 3325 pice
1046 3250 1081 3307 et
1103 3243 1267 3325 sulphure

317 3357 395 3401 cum
421 3339 552 3405 *soetore
582 3341 741 3405 horrifico
774 3348 810 3405 et
839 3342 1085 3424 liquaminibus
1120 3343 1199 3406 aeris
1231 3349 1266 3407 et

316 3437 449 3519 plumbi
481 3459 559 3502 cum
590 3440 669 3503 aliis
700 3441 917 3506 metallorum
944 3443 1126 3523 generibus
1149 3442 1268 3505 extor-

316 3537 490 3618 quebant3
515 3540 602 3603 istos
623 3541 836 3604 monstruosi
859 3561 993 3606 vermes
1012 3543 1194 3606 venenosis
1214 3561 1269 3604 ro-

316 3634 444 3700 debant
461 3638 633 3715 dentibus,
656 3639 735 3702 illos
758 3638 864 3703 denso
888 3641 1007 3705 ordine
1027 3641 1194 3705 substrati
1211 3660 1269 3703 su-

249 3781 250 3784 ,
315 3734 376 3798 des
395 3736 579 3801 flammatis
602 3738 731 3801 aculeis
754 3739 993 3821 recipiebant;
1029 3747 1177 3804 tortores
1204 3760 1270 3803 un-

314 3835 439 3915 guibus
461 3836 710 3915 distrahebant,
738 3837 885 3920 flagellis
913 3839 1133 3903 horribilibus
1157 3840 1268 3903 caede-

313 3934 409 4011 bant,
436 3933 579 4018 diroque
602 3938 758 4001 cruciatu
781 3938 971 4003 laniabant.
1036 3938 1171 4002 Multos
1195 3941 1267 4022 pri·

312 4033 389 4096 dem
417 4036 556 4115 agnitos
582 4035 735 4118 mihique
764 4038 800 4099 in
832 4038 949 4101 seculo
983 4037 1172 4107 familiares
1201 4039 1268 4103 ibi·

310 4256 316 4268 .
345 4183 523 4305 ltilsoeumm
538 4191 613 4238 denuo
624 4183 756 4258 tortores]
780 4191 999 4240 ‘Accurrentibus
1017 4191 1101 4240 denuo
1115 4188 1267 4242 tortoribus'

308 4271 334 4305 m
396 4291 403 4306 .
