2858 4876
404 399 541 459 amnas
564 410 835 461 uisronrnnuu.
1030 395 1101 467 205

150 572 246 647 bant,
271 573 417 652 quarum
438 568 555 652 capita
580 568 675 634 velut
695 568 871 651 nigrorum
896 567 1041 652 piscium
1062 569 1099 632 in
1109 582 1233 623 naam

148 669 296 735 ferventi
318 669 517 752 liquamine,
539 688 585 732 ex
608 669 643 733 vi
665 668 889 746 ebullitionis,
910 687 1001 733 nnnc
1025 633 1228 732 sur-ffeffiff‘

149 789 225 834 sum
240 769 522 853 praeeminebant,
542 788 633 833 nunc
650 768 811 833 deorsum
832 770 991 834 ruebant.
1034 769 1099 834 Se·

150 869 264 939 cunda
295 869 413 953 platea
449 869 608 933 similiter
639 869 811 933 caldarias
843 869 1007 947 habebat,
1037 869 1098 934 sed

152 969 230 1035 nive
252 975 289 1034 et
311 969 426 1052 gelida
452 968 563 1052 glacie
584 969 741 1046 refertas,
771 970 807 1034 in
828 969 952 1053 quibus
972 970 1099 1034 animae

153 1068 290 1136 horrido
317 1069 446 1152 frigore
476 1075 512 1133 et
538 1070 696 1135 cruciatu
724 1069 933 1134 intolerabili
960 1076 1100 1153 torque-

152 1171 291 1235 bantur.
360 1168 532 1234 Caldariae
561 1188 656 1247 vero,
683 1188 761 1252 qnae
788 1171 824 1232 in
852 1169 970 1252 platea
995 1171 1099 1234 tertia

153 1277 263 1349 erant,
280 1288 372 1352 aqua
390 1268 577 1352 sulphurea
598 1268 757 1333 bullienti
778 1277 814 1335 et
830 1270 964 1334 caeteris
982 1270 1099 1347 rebus,

153 1388 231 1454 quae
252 1369 411 1435 foetorem
434 1370 591 1434 emittere
614 1369 727 1433 solent
747 1389 824 1434 cum
844 1369 939 1434 fumo
964 1369 1100 1447 foetido,

154 1470 286 1554 repleta
311 1474 423 1546 crant,
451 1468 488 1533 in
513 1469 637 1551 quibus
663 1469 788 1554 animae
813 1469 859 1533 in‘
873 1468 998 1534 foetore
1022 1469 1099 1533 libi-

154 1570 243 1635 dinis
275 1571 384 1635 vitam
416 1569 576 1634 finientes
608 1569 805 1651 specialiter
840 1570 1099 1652 torquebantur.

155 1669 292 1749 Quarta
311 1689 396 1736 vcro
416 1670 535 1752 platea
557 1668 705 1733 habebat
726 1669 897 1734 caldarias
918 1688 1010 1753 aqua
1031 1670 1101 1734 sal·

154 1771 292 1835 sissima
316 1778 352 1836 et
373 1770 560 1852 nigerrima
582 1770 716 1852 plenas,
740 1769 839 1853 cujus
862 1788 963 1853 aquae
985 1777 1101 1834 anste-

154 1870 241 1937 ritas
261 1891 307 1935 ex
336 1888 402 1935 sua
424 1870 595 1935 salsedine
621 1869 800 1952 quodlibet
825 1869 958 1952 lignum
983 1870 1019 1934 in
1041 1870 1102 1934 illa

155 1969 347 2036 demersum
375 1970 554 2035 confestim
582 1969 784 2036 decoriaret.
836 1969 881 2034 In
909 1969 963 2032 his
986 1976 1102 2034 autem

154 2071 316 2136 caldariis
331 2070 517 2137 multitudo
533 2076 763 2153 peccatorum,
779 2069 1039 2147 homicidarum,
1051 2069 1102 2133 fu·

156 2191 244 2250 rum,
267 2177 458 2256 raptorum,
486 2169 713 2236 veneficarum
745 2169 926 2234 mulierum
952 2177 988 2234 et
1013 2169 1101 2235 divi·

156 2277 242 2355 tum,
263 2271 323 2354 qui
341 2271 497 2336 homines
517 2289 599 2335 suos
618 2269 758 2354 injustis
779 2270 1017 2334 exactionibus
1040 2290 1102 2352 op-

157 2371 363 2455 primebant,
383 2370 616 2436 indesinenter
637 2371 851 2451 bulliebant3
876 2389 964 2453 quos
987 2369 1103 2433 minis-

157 2472 202 2537 tri
221 2471 415 2555 iniquitatis
437 2471 588 2554 undique
607 2470 785 2535 adstantes
806 2490 884 2535 cum
908 2471 1013 2534 furcis
1034 2469 1102 2533 fer·

156 2572 225 2637 reis
251 2572 489 2649 candentibus,
512 2591 557 2636 ne
580 2571 807 2653 liquaminum
833 2570 989 2635 ardorem
1018 2569 1101 2634 effu·

158 2679 290 2755 gerent,
319 2673 505 2737 introrsum
537 2672 819 2755 comprimebant.
885 2670 943 2735 Illi
973 2677 1102 2748 autem,

158 2773 217 2856 qui
235 2772 272 2836 in
288 2772 356 2836 hoc
376 2771 523 2837 ferventi
543 2771 676 2855 liquore
696 2792 758 2854 per
779 2771 852 2835 dies
873 2779 1006 2853 septem
1026 2770 1103 2834 bul-

157 2872 295 2950 lieraut,
313 2872 369 2936 die
386 2879 511 2938 octavo
526 2871 562 2935 in
577 2872 687 2954 frigus
701 2870 786 2937 illud
806 2869 993 2948 borridum,
1010 2869 1103 2953 quod

156 2972 194 3037 iu
213 2972 366 3039 secunda
382 2971 499 3054 platea
520 2978 607 3049 erat,
629 2970 902 3054 deponebantur,
918 2978 965 3048 et,
981 2991 1002 3034 e
1023 2990 1105 3034 cou-

157 3092 272 3152 verso,
294 3073 357 3151 illi,
383 3073 443 3154 qui
466 3070 586 3137 afflicti
608 3071 748 3136 fuerant
773 3071 810 3135 in
835 3071 974 3152 frigore,
997 3089 1104 3152 pone-

130 3242 135 3251 ,
158 3174 287 3239 bantur
309 3172 347 3236 in
370 3171 558 3256 liquamine
580 3170 762 3248 bullienti;
796 3170 965 3247 similiter,
987 3170 1047 3252 qui
1069 3170 1105 3232 in

158 3293 251 3356 aqua
264 3274 359 3337 salsa
371 3271 570 3350 bullierant,
585 3270 621 3335 in
638 3270 817 3336 soetoribus
835 3271 1105 3352 torquebantur3

159 3374 223 3438 bas
238 3392 322 3439 vcro
341 3371 573 3436 mutationum
589 3370 843 3438 vicissitudines
863 3389 925 3452 per
939 3377 1018 3435 octo
1033 3369 1107 3433 dies

156 3493 295 3558 semper
310 3473 554 3538 observabant.

217 3651 268 3715 Da
280 3646 412 3719 basilico
426 3648 462 3713 iu
478 3655 577 3712 moute
587 3645 701 3731 peredit
715 3645 777 3710 site
792 3653 821 3710 et
834 3644 871 3710 de
884 3643 1047 3730 suffrepie'e

536 3767 729 3812 anemurum.

212 3874 295 3940 Hiis
316 3871 633 3957 itaqueinspectis,
654 3869 875 3933 illucescente
896 3867 972 3951 jam
993 3866 1117 3931 Domi·-

162 3976 250 4041 nicae
285 3974 352 4040 diei
390 3991 528 4049 aurora,
568 3971 680 4034 sancti
714 3968 894 4032 memorati
925 3988 1003 4033 cum
1037 3967 1112 4031 viro

87 4080 94 4089 '
159 4076 287 4142 educto
310 4079 536 4158 perrexerunt
552 4071 596 4134 ad
618 4077 769 4134 montem
784 4067 903 4148 gaudii
922 4067 1112 4152 perignem

162 4175 355 4262 purgatorii
374 4178 410 4238 ct
427 4191 489 4256 per
508 4178 671 4254 stagnum
689 4189 729 4236 ac
748 4176 887 4253 pontem
906 4167 1114 4250 aculeatum,
