2858 4876
327 372 392 438 122
583 384 717 437 uocum
742 349 1019 432 ou‘wunoovnn

163 558 287 608 ennu-
326 542 412 610 illud
426 541 572 607 obsedit.
604 542 662 619 Et,
673 542 755 604 dum
769 540 844 604 haec
858 540 992 617 fierent,
1007 558 1070 603 rex
1085 535 1280 619 Anglorum

167 1852 255 1905 Phillp's

167 1906 237 1945 defeat
245 1905 269 1944 ln

169 1956 277 1996 Flnnders.

326 645 363 708 in
386 642 587 710 Alverniam
605 641 792 705 ⁴hostiliter
815 639 1041 723 progrediens
1064 637 1181 702 decem
1204 655 1281 701 cas-

327 744 412 809 tella
442 742 534 824 regis
566 743 780 806 Francorum
811 747 846 804 et
877 742 1054 824 [magnam
1084 735 1279 801 multitudi-

327 841 423 924 nem]
441 842 616 907 hominum
635 861 774 906 suorum
788 839 902 922 cepit;
921 838 994 918 sed,
1013 844 1201 919 antequam
1216 855 1280 901 rex

328 940 524 1026 Anglorum
546 942 674 1005 rediret
695 942 732 1004 in
753 940 787 1003 N
790 940 1018 1017 ormanniam,
1040 957 1104 1003 rex
1125 937 1280 1000 Franco·

327 1062 404 1105 rum
426 1042 518 1124 cepit
538 1040 669 1122 Dangu
690 1040 884 1117 castellum,
904 1039 1077 1104 concessis
1099 1034 1279 1112 militibus,

327 1126 388 1223 qui
419 1141 456 1203 in
489 1140 565 1224 ejus
592 1139 753 1222 praesidio
786 1146 897 1216 erant,
928 1158 992 1221 pro
1023 1135 1279 1221 quinquaginta

327 1239 453 1304 marcis
485 1240 632 1321 argenti,
659 1239 733 1303 vita
761 1246 797 1302 et
820 1238 982 1302 membris
1013 1256 1091 1302 cum
1119 1235 1217 1318 equis
1245 1240 1281 1296 et
1314 1296 1316 1300 .

328 1341 445 1418 armiS,
480 1347 517 1404 et
550 1359 612 1404 rex
644 1339 826 1404 castellum
862 1337 1008 1403 retinuit
1035 1335 1189 1419 illudque
1220 1333 1279 1397 fir·

328 1441 449 1506 mavit.

391 1613 433 1678 Ut
448 1634 502 1678 reu
515 1613 714 1679 Francorum
730 1611 766 1677 in
779 1611 945 1678 Flaudre'u
960 1612 995 1679 iu
1009 1619 1096 1678 arcto
1104 1608 1227 1698 positus

730 1712 881 1797 [fucritJ.

381 1836 520 1903 Interea
535 1856 649 1900 comes
663 1835 886 1900 Flandrensis
902 1829 1141 1901 ¹Bnldewinus
1159 1834 1281 1901 castel-

328 1937 401 2001 lum
423 1934 532 1999 Arras
558 1937 736 2001 obsidione
758 1935 925 2013 vallavit3
955 1955 1025 2018 quo
1051 1935 1183 2012 audito,
1200 1928 1282 1998 ²rex

331 2036 545 2101 Francorum
561 2035 645 2099 illnc
662 2036 758 2100 venit
779 2055 857 2099 cum
882 2035 1038 2099 exercitu
1060 2034 1221 2118 copi0s03
1245 2034 1281 2097 in

328 2136 430 2220 ,cujus
454 2137 606 2201 adventu
628 2155 755 2213 comes,
781 2133 960 2201 obsidione
981 2134 1114 2212 relicta,
1135 2135 1222 2199 abiit
1244 2134 1281 2197 in

329 2244 457 2301 terram
483 2255 595 2313 suam,
618 2235 821 2318 insequente
846 2255 925 2299 eum
952 2252 1034 2316 rege
1057 2235 1282 2299 Francorum.
1373 2319 1375 2324 Ι

331 2335 418 2400 Cum
430 2342 545 2400 autern
559 2355 623 2398 rex
638 2334 776 2417 longius
794 2334 1019 2417 processisset
1033 2333 1124 2399 inter
1137 2334 1283 2416 paludes

330 2442 366 2498 et
391 2455 546 2518 recessus
573 2434 690 2512 marie,
716 2454 830 2499 comes
854 2434 1078 2498 Flaudrensis
1097 2433 1180 2498 secit
1200 2453 1283 2497 con·

330 2534 480 2615 fringere
503 2541 584 2598 ante
606 2541 642 2598 et
661 2540 741 2616 post
756 2553 835 2597 eum
857 2536 981 2616 pontes
1005 2539 1040 2597 et
1056 2533 1283 2615 aquaeductus

332 2633 477 2715 aperire,
499 2636 551 2698 ita
577 2633 716 2716 quidem
731 2633 824 2715 quod
839 2652 951 2716 neque
967 2633 1152 2714 procedere
1171 2651 1283 2717 neque

332 2732 443 2796 redire
469 2733 596 2817 potuit,
616 2753 679 2797 nec
702 2733 844 2797 adeum
865 2738 1028 2816 poterant
1041 2728 1206 2797 victualia
1223 2731 1283 2796 de·

333 2831 425 2897 ferri.
487 2833 587 2897 Tunc
603 2853 667 2896 rex
682 2832 718 2896 in
735 2839 832 2898 arcto
851 2833 986 2916 positus
1010 2832 1127 2896 comiti
1149 2831 1283 2914 siguifi-

333 2933 438 3010 cavit,
454 2934 547 3016 quod
563 2953 605 2999 ea
618 2932 808 2997 intentione
823 2933 906 2997 illuc
920 2939 1076 3010 venerat,
1094 2938 1135 2995 ut
1149 2952 1227 2998 cum
1241 2951 1283 2997 eo

329 3031 390 3098 -vel
414 3032 641 3096 amicabiliter
670 3040 892 3115 componeret
915 3032 971 3096 vel
990 3033 1104 3116 ipsum
1126 3053 1148 3097 a
1171 3031 1282 3096 fideli-

335 3137 407 3196 tate
439 3133 530 3214 regis
559 3129 754 3213 Anglorum
787 3139 993 3211 revocaret3
1026 3131 1202 3201 nuntiavit
1228 3132 1284 3196 in-

335 3249 440 3312 super
462 3232 506 3309 ei,
527 3231 620 3314 quod
641 3231 745 3312 ligius
773 3230 875 3295 homo
899 3231 974 3315 ejus
999 3237 1086 3308 erat,
1110 3232 1202 3296 unde
1220 3251 1284 3296 nec

335 3330 454 3394 debuit
475 3350 539 3394 nec
570 3331 685 3394 decuit
713 3330 811 3394 illum
835 3351 998 3395 coronam
1025 3350 1124 3395 snam
1148 3331 1286 3413 impug-

336 3446 439 3508 nare;
465 3430 526 3493 sed
548 3431 698 3507 tandem,
718 3436 904 3514 antequam
925 3430 957 3494 ei
974 3451 1089 3496 comes
1110 3431 1286 3496 licentiam

336 3529 539 3594 concederet
562 3530 723 3607 abeundi,
741 3530 877 3614 'juravit
899 3550 973 3609 rex,
1000 3532 1093 3615 quod
1123 3539 1195 3596 tam
1218 3530 1287 3614 ipsi

337 3628 455 3692 comiti
470 3648 572 3710 quam
587 3631 662 3711 regi
678 3628 872 3712 Anglorum
887 3632 1014 3709 omnia,
1031 3652 1109 3715 quae
1123 3651 1185 3714 per
1198 3649 1287 3695 wer·

336 3746 411 3792 ram
432 3735 674 3811 occupaverat,
702 3731 848 3795 castella
875 3731 1013 3814 aliaque
1036 3731 1119 3816 jura
1144 3749 1209 3796 sua
1237 3730 1286 3795 eis

336 3827 505 3905 redderet,
528 3829 625 3892 etad
647 3829 752 3913 hujus
779 3830 874 3912 pacti
896 3832 1137 3895 executionem
1161 3830 1287 3894 statuit

336 3924 440 4002 diem,
461 3933 501 3991 ut
520 3934 591 3991 tam
610 3929 685 4011 ipse
707 3949 811 4012 quam
834 3951 897 3995 rex
914 3928 1108 4013 Anglorum
1129 3931 1289 3996 venirent

374 4097 574 4163 ¹Boldewiuua]
592 4098 623 4146 In
633 4099 675 4148 the
686 4099 745 4148 Ms.
757 4099 800 4148 the
861 4097 934 4149 'Rex
941 4100 1113 4163 Francorum]
1130 4099 1291 4148 Almostver·

336 4165 421 4215 scribe
433 4166 480 4216 has
488 4168 588 4218 written
598 4168 606 4197 ‘
615 4164 655 4218 Ρ.’
666 4169 705 4218 lor
716 4163 772 4220 ‘B.’
826 4170 906 4220 batim
917 4169 980 4220 from
992 4170 1127 4234 Hoveden‚
1137 4185 1164 4232 p.
1176 4172 1235 4223 uo.
