2858 4876
423 406 562 455 ruonns
586 406 855 457 nrsromanuu.
1042 392 1109 458 233

158 565 304 644 studuit,
330 573 463 630 uttam
487 585 510 629 a
530 567 770 649 persecutione
797 565 968 630 Romanae
1000 566 1109 631 eccle·
1123 581 1246 622 ebulo·

157 667 231 743 siae,
255 686 361 748 quam
386 687 407 730 a
433 667 526 749 regis
550 666 680 729 Siciliae
706 685 747 730 ac
770 666 890 730 tutelae
916 667 1109 731 commissae

158 765 232 829 sedi
249 765 450 849 apostolicae
468 765 759 843 exhaeredatione,
778 773 941 830 cessaret.
994 765 1110 849 Impe-

158 872 254 929 rator
269 874 385 930 autem
402 866 534 930 nuntiis
556 865 685 929 domini
705 884 807 949 papae
825 865 895 929 tale
909 865 1110 948 perhibetur

158 965 293 1029 dedisse
323 984 537 1049 responsum,
560 962 645 1041 ‘Si,'
669 965 795 1047 inquit,
817 970 998 1029 ‘summus
1020 984 1108 1048 pon-

160 1064 245 1128 tifex
268 1066 403 1148 imperii
426 1066 510 1150 jura
530 1064 660 1150 injuste
681 1065 859 1146 possidere
884 1065 1070 1143 desiderat,
1087 1086 1109 1131 a

158 1174 386 1243 sacramento,
415 1166 507 1248 quod
536 1173 690 1248 tempore
723 1165 991 1229 consecrationis
1022 1185 1108 1230 meae

159 1264 203 1327 ad
230 1265 434 1347 dignitatem
460 1264 673 1348 imperialem
700 1285 755 1329 me
780 1265 900 1349 jurare
928 1264 1108 1347 compulit,

157 1363 329 1442 absolvat,
344 1365 436 1446 quod
457 1364 617 1430 videlicet
633 1364 790 1446 dispersa
805 1364 939 1446 imperii
957 1364 1039 1447 jura
1054 1384 1108 1429 re-

158 1483 313 1528 vocarem
332 1464 434 1527 simul
451 1471 487 1528 et
503 1465 624 1528 habita
640 1463 901 1529 conservarem?
946 1464 1108 1546 Denique

157 1583 235 1627 cum
256 1583 350 1647 papa
375 1564 488 1647 ipsum
514 1564 757 1646 imperatorem
783 1584 805 1629 a
829 1563 987 1647 praestito
1009 1563 1108 1648 jura-

157 1670 284 1741 mento,
310 1664 402 1746 quod
432 1682 551 1728 omnes
577 1663 802 1746 imperatores
830 1665 867 1727 in
896 1683 961 1728 sua
986 1683 1107 1730 conse·

156 1763 321 1841 oratione,
339 1764 504 1847 inspectis
522 1763 752 1827 sacrosanctis
769 1763 973 1846 evangeliis,
985 1763 1106 1848 jurare

157 1869 328 1940 tenentur,
350 1865 530 1928 absolvere
555 1863 679 1940 noluit,
703 1869 739 1926 et
760 1863 959 1945 imperator,
982 1883 1002 1927 e
1024 1882 1106 1929 con-

156 1969 222 2039 tra,
240 1964 375 2047 imperii
390 1965 484 2047 jura,
507 1983 585 2046 quae
601 1963 677 2048 jam
698 1983 761 2046 pro
777 1970 877 2045 parte
897 1963 1050 2027 maxima
1069 1964 1106 2027 in

156 2081 261 2127 manu
292 2065 427 2147 potenti
446 2070 692 2150 revocaverat,
718 2063 860 2128 reddere
884 2063 1103 2146 contempsit,

154 2162 244 2226 idem
280 2183 372 2246 papa
409 2164 444 2228 in
479 2165 592 2248 ipsum
623 2165 865 2246 imperatorem
897 2165 1104 2228 sententiam

155 2264 520 2328 excommunicationis
547 2263 641 2342 tulit,
673 2272 778 2346 atque
811 2264 1003 2341 universae,
1032 2271 1103 2328 tam

154 2360 370 2428 Alamanniae
391 2383 495 2447 quam
516 2365 650 2447 imperii
673 2364 835 2441 Romani,
858 2372 1040 2445 magnates
1059 2365 1103 2427 ab

153 2461 229 2546 ejus
244 2463 411 2530 fidelitate
427 2465 589 2530 absolvit.

191 2636 234 2701 Ut
245 2658 301 2701 rea·
313 2637 488 2724 Anplorrrm
502 2638 538 2704 io
554 2637 745 2704 Hiberniam
760 2636 926 2703 enerciaco
941 2636 1077 2704 ducent.

203 2756 350 2827 Eodem¹
374 2783 467 2828 anno
492 2783 555 2829 rex
575 2761 770 2845 Anglorum
793 2763 816 2827 J
820 2763 987 2840 ohannes,
1009 2763 1102 2845 apud
1115 2779 1265 2871 {ffifflt

155 2861 310 2927 Penbroc
332 2863 368 2926 in
384 2862 516 2928 Wallia
535 2863 675 2946 copioso
698 2865 854 2928 exercitu
878 2869 1208 2945 congregatarum.

152 2962 328 3045 profectus
351 2963 464 3026 estin
487 2962 692 3026 Hiberniam
714 2971 750 3027 et
773 2964 820 3027 ibi
846 2963 1014 3045 applicuit
1041 2981 1101 3027 oc·

152 3071 234 3127 tave
262 3063 341 3126 idus
368 3062 490 3143 Junii3
524 3082 671 3144 cumque
694 3063 846 3127 venisset
878 3063 921 3125 ad
951 3063 1100 3126 Dublin·

152 3182 267 3228 ensem
285 3162 474 3237 civitatem,
488 3168 711 3226 occurrerunt
728 3163 760 3225 ei
773 3161 899 3225 ibidem
915 3162 1099 3244 plusquam

150 3262 274 3344 viginti
298 3262 410 3344 reguli
435 3261 528 3325 illius
554 3262 716 3344 regionis,
746 3261 805 3344 qui
834 3279 952 3324 omnes
977 3261 1099 3325 timore

151 3363 303 3426 maximo
334 3361 508 3444 perterriti
539 3361 738 3444 homagium
769 3361 801 3423 ei
829 3367 864 3424 et
895 3360 1098 3426 fidelitatem

150 3461 329 3540 fecerunt3
361 3462 464 3545 pauci
481 3468 597 3528 tamen
613 3482 658 3525 ex
675 3461 803 3542 regulis
819 3460 1099 3543 supersederunt,

150 3563 210 3645 qui
231 3561 275 3624 ad
297 3581 412 3643 regem
436 3562 555 3626 venire
578 3567 868 3642 contempserunt,
891 3580 932 3625 eo
956 3561 1048 3643 quod
1062 3561 1098 3624 in
1203 3575 1204 3578 ’

149 3662 234 3725 locis
245 3662 571 3745 inexpugnabilibus
588 3661 803 3724 habitabant.
845 3660 944 3724 Fecit
960 3680 1098 3743 quoque

148 3761 274 3825 ibidem
301 3763 512 3826 constituere
542 3762 637 3843 leges
670 3767 705 3823 et
736 3760 1001 3824 consuetudines
1024 3759 1097 3824 An-

150 3863 316 3943 glicanas,
339 3881 471 3944 ponens
494 3862 713 3925 vicecomites
736 3861 890 3942 aliosque
911 3861 1098 3939 ministros,

148 3963 206 4044 qui
229 3961 393 4045 populum
418 3962 515 4042 regni
537 3961 631 4024 illius
649 3959 755 4044 juxta
772 3961 866 4042 leges
883 3959 1098 4043 Anglioanas

978 4078 1099 4086 --——

181 4136 286 4188 ¹Eodrm
299 4132 383 4206 aare]
404 4137 527 4199 Compare
542 4138 635 4188 Annal.
648 4137 680 4186 de
697 4138 780 4199 Marg.
796 4138 845 4186 and
864 4138 983 4198 Waverl„
1001 4152 1044 4198 pp.
1059 4141 1098 4200 lt,

150 4214 206 4260 172.
