2858 4876
427 407 567 455 ruonus
591 409 861 460 ursronmauu.
1051 398 1116 462 167

164 562 257 647 regis
275 563 482 646 Anglorum.
536 565 617 629 Hoc
641 585 734 630 anno
757 567 938 632 horrendae
965 576 1113 652 tempes-
1127 590 1250 630 2222.

164 672 267 741 tates,
291 665 458 742 tonitrua,
479 667 748 744 coruscationes,
776 667 961 749 grandines
980 677 1016 734 et
1037 670 1114 752 plu·

164 766 299 830 viarum
332 764 576 830 inundationes
608 754 741 831 mentes
768 768 943 832 hominum
970 789 1115 834 concus-

163 877 283 930 serunt
307 872 342 929 et
363 865 491 930 damna
511 867 622 930 multo
643 867 678 931 in
700 867 786 932 locis
808 869 965 950 plurimis
987 870 1115 934 intule-

166 973 256 1030 runt.
303 965 405 1030 Circa
420 965 494 1031 dies
509 967 608 1045 istos,
623 967 665 1031 ad
683 968 884 1032 instantiam
902 962 1115 1034 ¹Innoeentii

164 1084 277 1149 papae,
307 1066 391 1130 data
421 1073 475 1131 est
506 1068 772 1150 quadragesima
805 1088 887 1150 pars
918 1069 1114 1134 reddituum

165 1167 318 1230 omnium
335 1167 556 1233 ecclesiarum
575 1167 620 1232 ad
634 1168 906 1232 subveniendum
921 1177 1022 1234 terrae
1037 1191 1114 1253 pro-

165 1266 367 1347 missionis3
397 1275 432 1332 et
458 1275 530 1331 tam
555 1277 736 1350 magnates
762 1288 866 1351 quam
893 1269 1030 1351 plebeii,
1054 1272 1114 1353 qui

164 1367 276 1431 crucis
298 1368 515 1449 signaculum
531 1368 777 1451 deposuerant,
794 1369 1008 1434 districtione
1032 1390 1115 1454 222-

164 1467 287 1532 stolica
303 1486 477 1532 resumere
493 1476 575 1533 sunt
588 1470 769 1552 compulsi.

165 1641 214 1705 De
226 1640 385 1707 discordie
397 1651 466 1707 orta
481 1643 531 1706 iat
530 1664 564 1706 er
579 1663 660 1728 22922
673 1643 872 1707 Fratuentium
888 1652 917 1708 21
929 1642 1114 1730 Aaqlcrum

229 1764 332 1832 Anno
355 1767 478 1850 gratiae
501 1784 615 1830 uccu.
638 1786 702 1832 rex
723 1766 918 1848 Anglorum
935 1766 1183 1869 Johannesau·
1193 1781 1250 1819 2222

165 1866 353 1933 celebravit
378 1868 495 1932 natale
518 1867 658 1931 Domini
685 1867 778 1949 apud
801 1831 1254 1970 Α2222122122ι22121ιὶ2ΨιιΙΙ

167 1968 405 2047 Normannia3
428 1967 489 2031 et
479 1987 515 2030 m
532 1967 809 2048 Quadragesima
827 1968 985 2049 sequenti
1002 1961 1115 2031 222121-
1127 1933 1163 1971 Μ
1179 1942 1206 1971 ‘¹¹

167 2076 241 2133 tum
269 2076 324 2133 est
351 2068 562 2150 colloquium
587 2067 678 2130 inter
707 2086 807 2148 reges
841 2066 1053 2131 Francorum
1080 2076 1116 2131 et

167 2167 362 2251 Anglorum
372 2167 480 2251 juxta
494 2167 675 2232 castellum
693 2166 735 2230 de
753 2165 940 2244 Guletune,
963 2168 1022 2230 ubi
1052 2186 1115 2230 rex

169 2268 381 2333 Francorum
401 2274 523 2332 contra
546 2287 663 2348 regem
683 2265 876 2349 Anglorum
900 2267 1038 2330 mortali
1061 2286 1116 2330 ar-

167 2376 282 2433 matus
307 2368 387 2432 odio
412 2367 579 2450 praecepit
602 2367 838 2449 indignanter,
864 2375 1035 2448 quatenus
1064 2368 1116 2430 in-

167 2469 360 2533 continenti
390 2467 548 2532 redderet
571 2465 735 2545 Arthuro,
764 2467 881 2531 comiti
912 2467 1116 2542 Britanniae,

166 2569 346 2634 universas
369 2576 479 2633 terras
495 2587 582 2649 quas
597 2568 736 2631 tenebat
760 2566 796 2631 in
821 2568 977 2649 partibus
1005 2574 1117 2630 trans-

167 2669 321 2746 marinis,
340 2667 374 2732 N
377 2668 591 2732 ormanniam
607 2667 781 2745 videlicet,
804 2668 1025 2744 Turonicam,
1042 2664 1116 2730 An-

166 2768 350 2851 degaviam
366 2775 402 2832 et
419 2767 626 2844 Pictaviam,
649 2768 825 2849 multaque
851 2767 920 2830 alia
937 2766 1056 2850 exegit
1072 2768 1117 2830 ab

167 2888 221 2947 eo,
242 2889 322 2953 quae
338 2888 402 2932 rex
417 2866 611 2949 Anglorum
628 2887 666 2931 se
687 2867 825 2930 minime
843 2867 1046 2948 [facturum]
1065 2886 1118 2930 re-

168 2969 320 3052 spondit.
372 2968 498 3050 Itaque
513 2968 723 3050 colloquium
745 2987 823 3031 cum
845 2986 1027 3031 successus
1049 2986 1118 3029 non

170 3068 322 3147 haberet,
336 3069 392 3132 die
408 3068 566 3151 sequenti
583 3087 646 3131 rex
661 3068 872 3131 Francorum
888 3068 1004 3131 subito
1018 3065 1120 3129 irruit

169 3169 206 3232 12
235 3168 418 3234 castellum
448 3168 491 3232 de
517 3168 697 3232 Butanant
724 3188 802 3231 cum
824 3169 956 3250 impetu
979 3166 1119 3229 militari

170 3276 206 3333 et
224 3270 309 3333 illud
336 3269 412 3333 solo
438 3276 539 3333 tenus
565 3268 756 3347 subvertit;
790 3267 870 3332 inde
897 3266 1120 3349 progrediens

171 3370 262 3452 22211
277 3370 429 3434 inmanu
440 3368 521 3433 sorti
531 3369 649 3433 villam
665 3368 707 3432 de
724 3369 816 3450 Augi
828 3387 906 3431 cunr
923 3367 1066 3430 castello
1077 3365 1120 3429 de

173 3468 350 3546 Liuns,et
371 3469 442 3532 2112
466 3468 610 3533 castella
632 3467 907 3550 quamplurima3
940 3466 1120 3531 castellum

173 3569 216 3633 de
242 3570 432 3652 Radepunt
458 3588 520 3651 per
546 3567 620 3631 dies
647 3575 725 3631 octo
759 3567 905 3643 obsedit,
936 3566 1009 3643 sed,
1040 3584 1121 3646 rege

172 3667 365 3752 Anglorum
381 3668 655 3752 superveniente,
673 3667 836 3730 confusus
850 3667 1003 3730 recessit.
1036 3665 1121 3728 Post

171 3769 244 3833 dies
263 3788 392 3852 paucos
415 3769 507 3832 acies
530 3786 613 3831 suas
642 3767 686 3829 ad
715 3767 851 3831 Gurnai
870 3766 1053 3842 convertit,
1074 3772 1121 3841 et,

208 3978 383 4041 Ι1222222111]
402 3977 517 4027 Hisbull
527 3977 551 4026 is
561 3978 635 4040 given
660 3976 706 4024 rell
717 3975 764 4024 has
781 3976 855 4037 given
872 3989 968 4024 amore
985 3974 1123 4035 particular

173 4049 207 4110 by
217 4049 351 4112 Hereden,
362 4064 389 4110 2.
400 4051 457 4098 819.
661 4052 767 4135 account
785 4045 814 4094 ol
822 4045 880 4162 ¹tllris
898 4045 1008 4164 (222ἓὲ1,
1020 4043 1123 4162 gqqquea

207 4184 345 4237 ”Habitum
353 4192 390 4236 est
399 4187 562 4251 2211222122]
574 4188 635 4248 Tyr·
661 4118 726 4248 ihilbp.
739 4116 868 4248 ligii?
895 4130 911 4163 0
985 4128 1019 4176 gg
1115 4146 1123 4172 '
