2858 4876
415 400 554 450 cnonas
577 401 847 453 ursronmnuu.
1063 390 1108 455 93

166 637 215 702 Do
230 638 368 723 quadum
376 637 721 802 pactionesoctohinter
737 660 835 725 repom
850 640 1049 706 Frammm
1061 650 1090 706 et

537 741 612 824 Aac
642 759 724 803 mm.

205 857 310 925 Anno
332 862 526 926 Dominicae
553 863 747 926 nativitatis
770 878 923 926 ucxcvr.
946 882 1009 927 rex
1027 861 1238 971 Anfflm

152 958 289 1040 glorum
314 960 511 1025 Richardus
537 961 604 1025 fuit
627 961 671 1025 ad
699 961 816 1025 natale
844 962 984 1025 Domini
1009 963 1103 1043 apud
1115 972 1209 1012 *mn

156 1057 413 1125 Pictarensium
438 1061 640 1140 civitatem
664 1068 700 1126 et
722 1061 845 1125 deinde
870 1068 950 1142 post
977 1060 1102 1125 festum
1115 1022 1264 1112 mm

153 1158 266 1222 sancti
295 1159 422 1223 Hilarii
449 1167 684 1224 convenerunt
709 1161 753 1223 ad
781 1159 991 1242 colloquium
1018 1160 1102 1225 Phi·

153 1257 280 1339 lippus,
293 1278 356 1322 rex
374 1259 598 1336 Francorum,
614 1267 651 1324 et
667 1258 875 1336 Rich'ardus,
892 1279 955 1323 rex
967 1258 1105 1342 Angla·

154 1376 242 1434 rum,
269 1358 362 1440 apud
394 1358 551 1435 Iroviers,
573 1358 633 1422 ubi
656 1351 763 1424 ¹intcr
793 1378 853 1423 cos
880 1360 1043 1424 convenit
1066 1360 1104 1425 in

152 1455 245 1537 hunc
266 1457 427 1539 modum;
460 1458 540 1522 Rex
565 1457 777 1522 Francorum
797 1458 951 1540 quietum
976 1460 1103 1524 clama·

153 1555 204 1620 vit
227 1557 301 1639 regi
326 1556 504 1622 Richardo
529 1566 564 1622 et
588 1557 784 1622 haeredibus
807 1558 880 1621 suis
900 1558 1102 1622 Yssoudum

152 1674 231 1721 cum
254 1656 471 1739 pertinentiis
490 1657 575 1734 suis,
600 1662 636 1722 ct
653 1657 713 1741 jus
736 1663 846 1721 totum
866 1656 960 1739 quod
982 1657 1102 1723 habuit

153 1755 190 1818 in
220 1756 320 1820 Barri
350 1764 386 1821 et
409 1755 577 1821 Alvernia
608 1764 645 1821 ct
671 1756 859 1833 Gasconia,
888 1764 923 1820 et
954 1757 1103 1822 reddidit

153 1853 187 1918 ei
209 1855 325 1938 quiete
348 1857 528 1920 castellum
551 1857 595 1921 de
619 1854 747 1920 Archis
771 1863 808 1920 et
832 1857 1034 1920 comitatum
1059 1857 1104 1921 de

154 1952 254 2033 Anco
275 1974 353 2020 cum
375 1957 544 2021 comitatu
563 1955 607 2019 de
626 1954 847 2033 Aubemarle,
868 1955 1007 2038 aliaque
1028 1975 1103 2020 cas·

153 2053 238 2118 tella
253 2055 375 2133 multa,
392 2074 472 2139 quae
490 2062 722 2138 occupaverat
737 2061 817 2138 post
836 2055 983 2118 reditum
999 2074 1102 2121 suum

151 2152 197 2217 de
220 2155 498 2237 peregrinatione
522 2161 624 2220 terrae
647 2162 800 2233 sanctae;
823 2160 860 2218 et
881 2173 945 2218 rex
967 2152 1101 2236 Anglo·

152 2270 228 2317 rum
243 2254 397 2336 quietum
418 2255 584 2319 clamavit
601 2254 673 2336 regi
694 2253 906 2317 Francorum
921 2253 1102 2318 castellum

152 2351 196 2416 de
213 2351 369 2418 Gisortio
391 2360 426 2417 et
445 2361 557 2418 totum
576 2353 612 2418 N
614 2354 851 2418 ormannicum
868 2352 1101 2434 Vegesinum3

152 2458 190 2517 et
210 2450 285 2517 haec
306 2454 435 2531 omnia,
453 2459 492 2517 ut
512 2461 590 2518 rata
609 2452 818 2517 haberentur
834 2460 870 2517 et
884 2452 995 2529 firma,
1018 2450 1101 2514 tide·

148 2550 303 2634 jussores
325 2553 369 2615 ad
389 2553 536 2617 invicem
559 2553 777 2630 invenerunt,
794 2559 831 2616 et
845 2569 984 2636 poenam
1002 2550 1102 2632 quin·

152 2649 262 2716 decim
287 2652 433 2715 millium
460 2670 654 2716 marcarum
684 2651 820 2734 argenti
847 2652 939 2714 inter
965 2669 1003 2713 se
1029 2658 1104 2715 sta÷

153 2756 305 2815 tuerunt.
358 2751 574 2816 Procedente
598 2759 714 2816 autem
740 2759 907 2833 tempore,
930 2769 1008 2814 cum
1039 2769 1103 2814 rex

154 2846 351 2914 Richardus
379 2851 547 2934 praedicta
571 2851 687 2916 omnia
715 2850 919 2933 possideret,
941 2849 1104 2932 poenituit

154 2967 268 3030 regem
300 2949 514 3015 Francorum
542 2951 613 3014 tale
642 2951 764 3014 fecisse
793 2949 1045 3026 commercium,
1067 2956 1104 3013 et

152 3066 315 3131 magnum
337 3068 528 3132 congerens
558 3049 749 3114 exercitum
770 3046 1019 3112 Albemarliam
1042 3048 1104 3111 ob.-

153 3148 284 3212 sidione
299 3149 469 3229 vellavit3
493 3169 563 3232 quo
584 3149 690 3224 facto,
712 3166 776 3212 rex
798 3145 992 3228 Anglorum
1014 3165 1102 3230 prae*

149 3347 256 3412 tionis
281 3366 355 3411 suae
376 3367 496 3412 omnes
525 3366 581 3410 res
607 3353 642 3410 et
672 3346 908 3428 possessiones
937 3344 1101 3409 abbatum

151 3445 293 3531 majoris
313 3447 515 3512 monasterii
536 3446 637 3510 etde
660 3445 829 3510 cluniaco
854 3451 888 3508 et
914 3442 957 3508 de
978 3450 1101 3508 sancto

152 3544 321 3630 Dionysio
341 3554 377 3611 et
399 3546 442 3611 de
462 3545 654 3622 charitate,
676 3545 737 3628 qui
758 3543 978 3627 fidejussores
1000 3551 1101 3607 erant

150 3646 242 3728 regis
266 3646 482 3712 Francorum
505 3665 609 3727 super
630 3645 791 3726 pactione
813 3642 971 3725 praefata,
994 3641 1098 3723 quod,

151 3745 181 3808 si
211 3764 274 3809 rex
298 3745 511 3810 Francorum
543 3743 806 3809 conventionem
838 3761 906 3805 non
934 3747 1102 3819 servaret,

151 3842 219 3926 ipsi
234 3843 356 3908 darent
368 3846 442 3926 regi
456 3842 649 3926 Anglorum
662 3842 841 3926 pecuniam
856 3840 1099 3923 supradictam.

190 4020 458 4083 ¹lntcrcorconcenit.]
478 4019 612 4081 Hoveden,
638 4024 708 4069 truce
716 4032 746 4067 as
757 4018 831 4079 given
841 4015 927 4077 bytho
938 4015 1035 4064 French
1046 4013 1101 4063 his·

151 4104 178 4152 p.
189 4094 248 4141 784.
280 4089 405 4153 Compare
418 4089 576 4152 Newburgh,
586 4105 612 4139 v.
637 4089 742 4150 torians,
753 4089 779 4136 in
790 4086 898 4148 Tyrrcll,
909 4085 937 4135 ii.
948 4100 976 4146 p.
988 4087 1046 4134 stt.

151 4160 215 4224 §¹⁷2
226 4164 267 4211 18.
302 4158 612 4209 Seethcaccountoithis
