2858 4876
415 395 556 445 rnoans
579 394 851 445 nrsroumnuu.
1042 378 1107 447 121

155 564 192 623 et
208 554 488 640 archiepiscopus
503 556 690 640 praedictus
704 563 740 620 et
756 574 973 620 successores
996 557 1051 619 sui
1072 556 1108 620 in
1121 574 1176 615 sn
1187 570 1244 615 rua

155 664 376 740 perpetuum
395 649 480 720 ¹hiis
494 656 653 720 testibus,
689 655 836 719 Factum
850 663 903 720 est
914 662 1031 719 autem
1042 655 1109 720 hoc

156 756 365 820 escambium
383 756 477 838 apud
493 755 753 837 Rothomagum
773 773 864 819 auno
886 755 1009 837 gratiae
1031 755 1108 818 mil·

154 856 275 920 lesimo
304 856 491 919 centesimo
524 856 748 938 nonagesimo
781 854 928 938 septimo
958 863 994 919 et
1015 873 1108 920 anno

156 955 255 1037 regni
271 955 382 1018 nostri
396 948 564 1020 ²octavo.'

155 1127 224 1193 Re
234 1127 417 1194 Riclordus
431 1150 540 1215 corpus
548 1128 649 1193 sancti
666 1127 817 1195 Walerici
831 1126 1109 1193 trumentum

287 1229 461 1307 transtulit,
477 1239 505 1295 et
518 1250 611 1293 moos
627 1226 674 1292 ibi
687 1228 801 1292 multas
815 1225 985 1293 combussit.

207 1345 357 1417 Eodem³
373 1360 528 1436 tempore
543 1359 746 1434 suggestum
764 1360 817 1416 est
831 1352 905 1433 regi
921 1350 1108 1430 Richardo,
1121 1376 1218 1417 rone

159 1451 251 1533 quod
269 1470 375 1516 naves
390 1472 435 1516 ex
451 1451 584 1535 Anglia
602 1452 721 1516 venire
743 1457 996 1516 consueverant
1017 1452 1110 1534 apud
1121 1426 1227 1519 iffi?

160 1558 320 1626 sanctum
331 1552 543 1635 walericum
561 1552 606 1616 ad
621 1551 840 1615 deserendum
855 1552 1021 1616 victualia
1035 1553 1111 1634 regi

164 1640 376 1715 Francorum
402 1659 439 1716 et
464 1652 541 1716 aliis
569 1652 717 1714 inimicis
743 1652 836 1731 suis;
868 1651 962 1716 facta
992 1651 1111 1733 itaque

158 1749 242 1814 illuc
259 1751 483 1833 equitatione,
503 1751 619 1816 villam
637 1751 836 1828 combussit,
850 1749 1037 1815 monachos
1052 1751 1112 1815 de-

156 1848 303 1926 struxit,
318 1851 482 1914 seretrum
497 1852 609 1915 sancti
623 1850 789 1915 Walerici
806 1871 884 1914 cum
901 1851 1055 1932 reliquiis
1073 1851 1110 1914 in

163 1947 414 2013 Normanniam
438 1950 646 2017 transvexit.
712 1949 757 2013 In
780 1959 883 2033 portu
907 1957 1022 2013 autem
1048 1950 1111 2014 illo

161 2066 269 2112 naves
285 2068 331 2113 ex
349 2046 480 2131 Anglia
501 2049 634 2114 invenit
656 2048 828 2112 frumento
849 2059 884 2112 et
901 2049 1110 2113 victualibus

154 2156 315 2226 onustas,
331 2167 477 2231 quarum
492 2156 617 2213 nautas
635 2149 799 2231 suspendi
814 2148 990 2231 praecepit,
1013 2149 1112 2212 navi·

159 2246 294 2330 busque
321 2248 521 2329 combustis,
548 2247 714 2315 victualia
741 2249 814 2313 suis
841 2247 1009 2312 militibus
1035 2267 1111 2312 ero·

159 2347 267 2427 gavit.

243 2512 286 2581 Ut
302 2534 357 2579 rec
371 2515 555 2582 Richardut
570 2517 706 2581 comitem
721 2514 949 2583 Floudroosem
963 2512 1025 2580 tibi

556 2614 714 2703 oblipooit.

205 2730 291 2804 Per⁴
301 2740 392 2807 idem
406 2747 543 2823 tempus
559 2761 619 2804 rex
632 2738 841 2817 Richardus,
855 2739 945 2803 datis
959 2738 1108 2801 muneri·
1124 2761 1217 2803 auus

158 2841 238 2918 bus,
262 2860 383 2905 omues
409 2840 452 2904 de
476 2860 584 2921 reguo
606 2841 819 2904 Francorum
842 2839 1053 2922 potentiores
1072 2838 1109 2901 in
1122 2813 1237 2903 mu.

161 2940 217 3003 sui
229 2939 384 3005 savorem
395 2939 538 3019 allexit3
563 2940 776 3016 Baldewino,
788 2939 905 3003 comiti
923 2936 1109 3015 Flandriae,
1123 2913 1231 2954 mm

160 3058 225 3122 pro
244 3038 376 3103 auxilio
400 3040 553 3123 quinque
575 3039 684 3103 millia
708 3058 842 3102 marcas
866 3038 1002 3118 argenti
1028 3057 1111 3101 con·

160 3138 253 3218 tulit,
276 3146 312 3204 et
330 3140 405 3221 ipse
422 3140 497 3221 regi
511 3140 647 3203 obsides
662 3139 816 3215 tradidit,
833 3136 926 3219 quod
942 3136 1016 3200 sine
1033 3137 1110 3219 ipso

160 3256 230 3302 non
248 3245 469 3320 componeret
483 3257 559 3302 cum
578 3259 659 3321 rege
676 3240 900 3303 Francorum.
940 3234 1111 3318 Campani

156 3356 239 3403 cum
277 3338 491 3415 Britonibus,
522 3339 642 3402 relicto
673 3357 754 3419 rege
786 3338 1011 3413 Francorum,
1037 3333 1111 3417 regi

161 3436 338 3503 Richardo
361 3438 591 3503 adhaeserunt.
642 3436 838 3502 Willelmus
866 3434 1006 3518 Crepin,
1029 3454 1111 3499 con-

162 3538 374 3602 stabularius
391 3538 434 3603 de
453 3536 560 3619 Augi,
587 3537 660 3618 regi
682 3535 876 3617 Anglorum
899 3535 934 3599 vi
956 3535 1111 3618 compul-

163 3654 223 3700 sus
244 3637 337 3701 idem
352 3637 534 3727 castellum
549 3636 709 3713 reddidit,
733 3636 825 3719 quod
845 3653 908 3698 rex
930 3632 1112 3697 confestim

162 3737 331 3816 munivit3
348 3744 384 3802 et
401 3756 464 3801 rex
476 3737 702 3813 Francorum,
719 3734 874 3799 exercitu
887 3741 1111 3815 congregato,

196 3903 279 3955 ¹Hiit
289 3904 415 3966 testibus]
437 3906 491 3954 The
502 3919 588 3954 names
601 3905 630 3953 of
685 3901 796 3952 ³Eodem
813 3901 949 3967 tempora]
979 3900 1114 3965 Hoveden,

163 3975 206 4025 the
222 3977 356 4026 wimesses
378 3991 421 4025 are
444 3976 479 4025 all
499 3977 573 4037 given
591 3975 625 4036 bv
650 3990 677 4036 p.
690 3978 746 4024 770.

164 4046 265 4108 Dicato,
276 4046 324 4096 col.
336 4050 394 4096 699.

197 4111 331 4186 ²00qu
340 4116 393 4166 'l’he
402 4115 461 4165 leth
470 4115 499 4164 oi
502 4114 612 4165 October
616 4128 625 4175 ;
661 4111 829 4231 Ι)111)ει·ἰ«1εηι
841 4112 963 4176 tempus]
980 4110 1115 4172 Hoveden,

164 4186 242 4238 ibid.
651 4183 686 4231 ii
707 4219 714 4233 .
