2858 4876
310 374 375 438 364
562 388 696 435 noonnr
722 390 769 436 nu
792 387 998 436 wnnnovnn

148 561 203 601 Δ-υ.
216 563 284 601 ¹²¹ss
310 549 382 630 qui,
405 567 481 612 cum
508 548 552 611 ad
578 565 695 629 regem
716 545 916 628 Philippum
936 547 1161 628 pervenisset,
1181 567 1261 629 por·

310 647 401 712 rexit
421 649 453 711 ei
478 648 597 711 literas
626 654 793 729 exparte
818 645 947 709 domini
970 665 1071 728 papae
1098 646 1262 728 depreca-

310 748 429 823 torias,
463 748 498 810 in
528 748 653 830 quibus
685 746 939 821 continebatur,
972 766 1015 808 ne
1045 746 1262 828 permitteret

310 848 416 910 filium
434 867 534 910 suum
552 846 776 910 Lodowicum
793 844 958 927 Angliam
976 844 1148 910 hostiliter
1165 845 1261 909 adire

309 946 366 1010 vel
394 966 512 1028 regem
536 944 731 1026 Anglorum
760 945 953 1026 inquietare
978 945 1014 1007 in
1043 944 1174 1027 aliqu0‚
1201 945 1262 1009 sed

309 1044 421 1128 ipsum
447 1053 487 1109 ut
505 1045 674 1109 Romanae
697 1045 850 1108 ecclesiae
870 1044 1040 1109 vasallum
1064 1052 1262 1127 protegeret

310 1152 346 1217 et
367 1144 539 1227 diligeret,
565 1145 665 1228 cujus
688 1164 832 1226 regnum
857 1144 901 1207 ad
931 1145 1127 1208 Romanam
1150 1133 1262 1208 eccle·

310 1245 397 1308 siam
429 1244 562 1308 ratione
595 1244 737 1308 dominii
768 1243 975 1326 pertinebat.
1038 1244 1119 1307 Rex
1145 1251 1262 1308 autem

311 1344 534 1419 Francorum,
558 1363 634 1407 cum
658 1342 733 1407 haec
750 1345 857 1407 verba
878 1343 1118 1420 intellexisset,
1141 1345 1261 1408 incon·

309 1443 433 1507 tinenti
450 1443 639 1525 respondit,
656 1451 667 1481 ⁶
683 1443 845 1525 Regnum
861 1441 1001 1524 Angliae
1017 1443 1262 1526 patrimonium

312 1542 409 1606 Petri
444 1562 620 1625 nunquam
650 1542 728 1619 suit,
761 1563 824 1606 neo
859 1550 924 1620 est,
957 1563 1021 1606 neo
1050 1543 1127 1607 erit.
1181 1543 1261 1607 Rex

311 1643 400 1705 enim
425 1642 617 1720 lohannes,
639 1643 757 1707 multis
780 1643 962 1707 retroactis
984 1643 1117 1720 diebuS,
1140 1643 1262 1707 volens

310 1741 451 1806 fratrem
474 1762 574 1806 suum
596 1763 712 1824 regem
730 1742 943 1807 Richardum
958 1762 980 1807 a
996 1763 1103 1824 regno
1121 1741 1262 1824 Angliae

311 1842 440 1925 injuste
466 1844 613 1924 privare,
642 1851 675 1906 et
696 1843 776 1907 inde
797 1842 840 1906 de
863 1842 1056 1924 proditione
1078 1850 1262 1907 accusatus

311 1948 347 2004 et
369 1962 484 2006 eoram
511 1963 552 2007 eo
572 1944 765 2020 convictus,
794 1942 978 2007 damnatus
1003 1942 1069 2005 suit
1089 1963 1151 2025 per
1167 1943 1263 2027 judi-

312 2042 402 2105 cium
437 2043 473 2106 in
506 2043 603 2106 ouria
637 2043 746 2126 ipsius
779 2044 882 2124 regiS,
914 2062 1019 2126 quam
1053 2044 1261 2107 sententiam

311 2141 552 2224 pronuntiavit
571 2142 680 2224 Hugo
705 2143 748 2207 de
771 2143 897 2218 Paean,
921 2144 1104 2226 episcopus
1129 2144 1262 2208 Dunel-

312 2242 465 2321 mensis;
499 2243 608 2307 etita
634 2263 702 2306 non
729 2243 794 2307 suit
822 2262 925 2307 verns
955 2263 1030 2320 rex,
1057 2263 1121 2307 nec
1140 2244 1263 2327 ¹potuit

312 2360 455 2422 regnum
487 2343 580 2406 dare.
649 2342 750 2419 Item,
782 2345 812 2406 si
841 2342 1028 2426 aliqnando
1060 2342 1127 2407 suit
1157 2362 1262 2407 verus

312 2459 388 2518 rex,
420 2449 542 2524 postea
556 2435 712 2524 'regnum
740 2441 907 2507 forisfecit
930 2463 991 2526 per
1021 2450 1166 2508 mortem
1192 2441 1263 2506 Ar·

312 2540 418 2618 thuri,
442 2543 484 2605 de
516 2562 585 2625 quo
616 2542 709 2606 sacto
741 2543 988 2607 condemnatus
1018 2543 1084 2607 suit
1107 2543 1143 2606 in
1166 2543 1263 2606 ouria

311 2642 456 2705 nostra.'
508 2641 597 2705 Item
620 2642 722 2719 dixit,
744 2643 836 2725 quod
866 2644 981 2707 nullus
1004 2663 1065 2707 rex
1089 2643 1145 2706 vel
1167 2643 1263 2725 prin-

311 2759 392 2822 ceps
415 2747 530 2823 potest
552 2743 634 2804 dare
657 2762 801 2823 regnum
821 2762 921 2805 suum
942 2743 1016 2806 sine
1034 2762 1179 2806 assensu
1199 2745 1263 2807 ba·

311 2859 432 2902 ronum
466 2860 619 2917 suorum,
644 2842 704 2924 qui
733 2861 878 2923 regnum
905 2842 990 2905 illud
1017 2849 1178 2928 tenentur
1205 2842 1263 2906 de-

311 2938 470 3018 fendere3
495 2948 541 3017 et,
558 2941 587 3003 si
605 2960 698 3023 papa
711 2941 802 3005 huno
824 2961 973 3006 errorem
992 2943 1081 3006 tueri
1100 2943 1262 3006 decreve-
1340 2931 1342 2937 ’

311 3040 369 3115 rit,
392 3040 719 3121 perniciosissimum
740 3043 857 3123 regnis
873 3042 1032 3106 omnihus
1052 3041 1112 3106 dat
1131 3037 1264 3106 ¹exem·

311 3138 418 3220 plum.
464 3139 564 3203 Tuno
591 3160 729 3223 quoqne
759 3150 940 3223 magnates
963 3161 1082 3205 omnes
1109 3163 1178 3206 uno
1201 3162 1262 3206 ore

311 3239 460 3302 clamare
488 3248 680 3322 coeperunt,
707 3241 797 3323 quod
827 3261 890 3324 pro
919 3242 986 3305 isto
1016 3242 1162 3305 articulo
1189 3249 1263 3306 sta·

311 3346 388 3402 rent
406 3358 515 3421 usque
533 3340 577 3403 ad
600 3348 758 3417 mortem,
781 3348 819 3404 ut
836 3341 996 3405 videlicet
1013 3361 1075 3404 rex
1091 3341 1147 3406 vel
1169 3343 1262 3425 prin·

310 3456 391 3519 ceps
413 3458 476 3520 per
497 3440 605 3503 solam
629 3441 841 3504 voluntatem
861 3461 961 3505 suam
983 3448 1101 3523 posset
1116 3462 1263 3522 regnum

310 3538 391 3600 dare
415 3537 471 3601 vel
493 3539 714 3603 tributarium
738 3539 863 3617 facere,
889 3541 981 3604 unde
1009 3542 1141 3605 nobiles
1164 3542 1263 3624 regni

310 3635 527 3701 efficerentur
552 3640 654 3703 servi.
708 3637 800 3704 Acta
823 3648 938 3704 autem
961 3648 1044 3705 sunt
1067 3641 1140 3704 haec
1168 3641 1263 3723 apud

310 3736 518 3818 Lugdunum
543 3738 597 3801 die
618 3740 749 3803 decimo
773 3742 895 3823 quinto
918 3749 998 3822 post
1017 3740 1165 3804 Pascha.

356 3943 363 3974 ¹
383 3946 537 4009 Exemplum.
554 3946 565 4008 ]
611 3946 770 4008 coggeshale
796 3947 896 3997 chester
907 3948 958 3996 and
969 3947 1053 3997 others
1062 3952 1088 3997 to
1098 3952 1263 3999 remonstrate

308 4017 404 4077 writes,
422 4016 487 4077 that,
506 4015 581 4064 when
600 4015 669 4064 John
692 4016 771 4065 found
798 4016 860 4065 with
869 4017 968 4080 Philip,
979 4019 1041 4067 ‘sed
1053 4019 1195 4068 inexauditi
1204 4024 1264 4068 sunt

309 4085 364 4134 that
376 4086 453 4135 Louis
464 4100 519 4135 was
536 4085 651 4134 resolved
663 4090 688 4134 to
700 4101 771 4135 come
797 4088 891 4137 reversi
900 4083 920 4149 ς’
938 4104 964 4149 Ρ,
977 4092 1034 4138 lll.

309 4170 376 4217 over,
387 4155 419 4205 he
437 4161 492 4204 sent
504 4156 546 4204 the
561 4156 651 4217 bishop
663 4155 692 4204 oi
700 4157 772 4205 Win-
