2858 4876
312 389 379 454 354
573 403 707 450 uocatu
733 403 779 449 uu
803 380 1010 450 wu'rurovnu

151 583 282 672 &pm
315 564 359 628 ad
388 548 588 627 instantiam
615 561 707 643 regis
732 558 940 642 Anglorum,
962 579 1024 642 per
1052 560 1267 643 subscriptas

153 693 276 742 emmau·
314 663 433 728 literas
458 661 772 727 excommunicavit
798 660 1002 724 nominatim
1026 667 1063 724 et
1089 660 1126 723 in
1151 661 1268 742 specie

152 733 272 823 32⁰3?de
315 765 379 828 sub
401 763 466 827 hac
484 762 616 842 forma3
640 754 905 824 ¹‘quocentius
931 760 1126 842 episcopus,
1148 762 1268 825 abbati

316 863 359 927 de
375 860 603 939 Abbendune,
626 860 869 925 archidiacono
892 859 1118 937 Pictaviensi,
1141 867 1176 923 et
1193 880 1269 925 ma·

315 963 426 1044 gistro
460 962 628 1038 Roberto,
658 959 794 1025 officiali
829 957 1076 1024 Norwicensis'
1097 960 1268 1038 ecclesiae,

316 1062 476 1126 salutem.
521 1058 753 1126 Ad'vestram
777 1060 936 1124 volumus
967 1060 1146 1142 pervenire
1177 1062 1269 1125 uoti·

316 1163 413 1238 tiam,
428 1160 522 1244 quod
539 1180 602 1224 nos
619 1180 729 1244 nuper
745 1160 782 1224 in
800 1160 954 1242 generali
971 1160 1118 1223 concilio
1138 1162 1268 1225 cousti-

301 1262 386 1346 tuti
399 1261 774 1325 excommunicavimus
792 1266 828 1324 et
840 1258 1207 1324 anathematisavimus
1223 1280 1269 1326 ex

317 1368 417 1442 parte
434 1361 678 1442 omnipotentis
703 1361 784 1437 Dei,
808 1360 925 1423 Patris
947 1367 983 1424 et
1001 1359 1082 1423 Filii
1105 1366 1141 1423 et
1157 1359 1268 1442 Spiri-

317 1467 375 1523 tus
392 1460 524 1537 Sancti,
543 1460 751 1524 auctoritate
768 1479 906 1542 quoque
921 1461 1099 1523 beatorum
1118 1458 1217 1524 Petri
1232 1470 1269 1526 et

317 1559 421 1623 Pauli
447 1560 683 1642 apostolorum
706 1560 781 1644 ejus
807 1578 849 1622 ac
875 1567 1007 1636 nostra,
1029 1561 1177 1623 barones
1194 1558 1270 1623 An-

315 1660 396 1740 gliae
414 1679 492 1722 cum
515 1659 730 1743 adjutoribus
753 1666 789 1723 et
805 1659 998 1723 fautoribus
1021 1660 1106 1737 suis,
1129 1659 1189 1741 qui
1203 1659 1228 1723 J
1230 1680 1269 1725 o·

316 1758 477 1836 hanuem,
490 1759 659 1823 illustrem
676 1779 792 1841 regem
807 1758 1015 1840 Anglorum,
1032 1778 1133 1822 cruce
1150 1759 1269 1840 signa-

316 1866 392 1922 tum
405 1867 441 1923 et
455 1859 626 1922 vasallum
638 1859 808 1923 Romanae
817 1859 984 1935 ecclesiae,
1001 1867 1266 1941 persequuntur,

316 1958 496 2022 molientes
513 1958 544 2021 ei
565 1978 709 2040 regnum
732 1958 879 2036 auferre,
900 1958 993 2041 quod
1009 1957 1053 2021 ad
1071 1959 1268 2023 Romanam

315 2059 496 2122 ecclesiam
510 2057 725 2139 dignoscitur
740 2059 923 2141 pertinere.
969 2057 1118 2140 Insuper
1131 2078 1269 2124 excom-

316 2158 530 2221 municamus
553 2165 589 2222 et
603 2158 935 2222 anathematisamus
954 2177 1072 2221 omnes
1092 2159 1184 2237 illos,
1207 2161 1268 2241 qui

317 2257 360 2320 ad
384 2257 622 2339 occupandum
639 2259 694 2322 vel
717 2257 949 2322 invadendum
971 2277 1115 2339 regnum
1141 2259 1268 2341 ipsum,

319 2365 381 2422 aut
407 2357 661 2438 impediendum
688 2364 808 2421 euntes
830 2358 867 2420 in
895 2357 1049 2441 ejusdem
1073 2358 1166 2439 regis
1191 2378 1270 2423 suc-

318 2476 469 2534 cursum,
485 2475 626 2538 operam
642 2457 697 2521 vel
712 2477 812 2539 opem
825 2457 1077 2540 impenderunt,
1100 2464 1136 2521 et
1157 2465 1268 2523 terras

260 2582 262 2586 ⁴
319 2556 503 2620 eorundem
536 2558 704 2620 baronum
728 2557 963 2621 ecclesiastico
987 2557 1190 2641 subjicimus
1216 2559 1268 2621 in·

318 2655 476 2720 terdicto.
527 2654 774 2738 Aggravamus
796 2657 901 2720 etiam
924 2657 961 2720 in
983 2656 1121 2721 eosdem
1144 2657 1269 2722 fortius

318 2774 441 2818 manus
457 2746 607 2832 nostras,
625 2756 654 2819 si
671 2775 734 2819 uec
751 2756 801 2818 sio
825 2775 923 2820 asuo
937 2756 1133 2820 destiterint
1148 2758 1269 2841 iniquo

319 2853 508 2936 proposito,
535 2875 612 2918 cum
636 2857 672 2919 in
697 2854 762 2919 hac
787 2863 886 2938 parte
909 2855 1044 2939 pej0res
1069 2856 1141 2920 sint
1162 2857 1267 2922 Sara·

318 2954 434 3033 cenis;
457 2953 681 3019 decernentes
693 2962 743 3031 ut,
762 2955 793 3018 si
808 2956 886 3037 quis
908 2956 1054 3019 clericus
1072 2956 1269 3039 cnjusoum-

319 3072 387 3135 que
416 3053 598 3135 dignitatis
625 3061 687 3118 aut
711 3054 840 3119 ordinis
863 3056 1046 3135 praedictas
1072 3075 1270 3120 excommu-

319 3152 501 3217 nicationis
529 3162 591 3218 aut
613 3153 787 3218 interdicti
806 3156 997 3218 sententias
1021 3155 1151 3220 violare
1178 3177 1269 3238 prae-
1300 3161 1304 3167 '

319 3253 517 3335 sumpserit,
540 3253 772 3318 anathematis
794 3272 832 3317 se
853 3255 989 3318 noverit
1005 3273 1167 3319 mucrone
1189 3276 1269 3338 per·

319 3371 469 3430 cussum,
496 3359 544 3430 et,
576 3353 612 3415 ni
643 3354 851 3436 quantocius
881 3354 1076 3436 resipuerit,
1102 3356 1146 3418 ab
1173 3359 1268 3421 omni

320 3450 432 3517 officio
442 3459 479 3516 et
488 3453 653 3516 beneficio
667 3452 915 3536 deponendum.
949 3453 1123 3532 Quocirca
1140 3454 1269 3520 discre-

319 3551 406 3614 tioni
426 3559 552 3616 vestrae
572 3571 634 3634 per
653 3552 847 3634 apostolica
865 3547 1015 3635 ²scripta
1036 3555 1269 3636 praecipiendo

318 3651 534 3728 mandamus,
559 3659 730 3733 quatenus
756 3672 817 3734 per
835 3659 944 3717 totam
964 3652 1131 3734 Angliam
1154 3655 1268 3736 publi·

318 3769 397 3813 care
414 3750 551 3816 faciatis
576 3751 791 3834 praescripta,
814 3753 1001 3834 eademque
1026 3752 1163 3816 faciatis
1186 3773 1269 3818 auc·

318 3850 460 3914 toritate
482 3858 613 3928 nostra,
637 3851 774 3915 sublato
797 3851 982 3935 cujuslibet
1002 3852 1210 3917 conditionis
1233 3863 1268 3918 et

319 3949 563 4031 appellationis
589 3950 781 4028 obstaculo,
808 3951 1054 4016 inviolabiliter
1079 3948 1267 4018 observari.

353 4119 561 4192 'Innocentian
592 4125 693 4189 Rymer‚
715 4127 733 4176 i.
751 4142 777 4187 p.
839 4123 980 4191 'Scriptod
997 4127 1160 4190 ‘Eademque
1168 4128 1268 4181 faciatis

318 4198 373 4245 189.
804 4197 953 4245 auctoritate
964 4192 1065 4261 nostra‚’
1077 4198 1106 4246 C.
