2858 4876
410 425 549 474 rnorns
574 424 844 473 nrsromaauu.
1068 410 1112 474 29

163 587 228 649 bus
245 586 413 668 personis,
429 605 508 669 quae
531 592 631 649 erant
648 586 683 649 in
704 587 785 650 navi
806 585 1112 665 Londoniensium,
1125 606 1179 647 un.
1191 605 1245 644 119⁰.

163 687 345 751 visibiliter
371 686 546 768 apparuit,
573 687 690 750 dicens
717 688 779 766 eis,
802 686 944 752 ‘Nolite
980 690 1112 765 terreri,

164 787 335 867 egoenim
353 795 388 851 et
406 789 528 851 heatus
554 796 686 870 martyr
701 788 905 851 Edmundus
923 796 958 853 ct
972 796 1113 852 sanctus

165 887 340 950 confessor
368 887 535 951 Nicolaus
567 887 748 952 constituti
780 908 899 952 sumus
923 908 945 951 a
961 888 1113 952 Domino

167 986 270 1071 hujus
304 988 434 1070 navigii
473 987 564 1068 regis
592 986 731 1069 Angliae
766 988 990 1066 defensores3
1021 993 1056 1050 et
1084 989 1115 1051 si

167 1087 321 1153 homines
350 1098 384 1152 et
411 1088 515 1172 hujus
544 1088 675 1170 navigii
701 1095 852 1152 rectores
885 1107 906 1150 a
932 1088 1049 1171 pravis
1078 1108 1117 1152 se

167 1190 328 1270 operibus
346 1188 582 1265 custodierint,
600 1188 643 1252 de
666 1188 851 1271 praeteritis
874 1188 977 1252 etiarn
1001 1191 1115 1272 poeni·

169 1290 313 1352 tentiam
336 1290 481 1371 egerint,
504 1289 600 1352 dabit
622 1288 691 1352 illis
715 1289 885 1354 Dominus
914 1309 1116 1373 prosperum

169 1389 235 1452 iter
251 1390 334 1453 etin
358 1389 489 1452 semitis
507 1391 579 1452 suis
600 1408 738 1470 gressus
762 1408 877 1453 eorum
901 1389 1116 1473 dirigentur?

171 1489 252 1554 Hiis
272 1491 390 1574 itaque
406 1490 471 1552 sub
494 1490 584 1553 trina
605 1490 809 1572 repetitione
832 1489 972 1568 auditiS,
995 1494 1120 1555 heatus

170 1590 322 1655 Thomas
352 1590 494 1655 evanuit
515 1598 550 1656 et
573 1589 729 1671 protinus
752 1598 940 1673 tempestas
956 1594 1116 1657 cessavit.

172 1692 327 1757 Fuerunt
353 1699 468 1756 autem
486 1690 522 1753 in
549 1689 614 1753 hac
636 1691 716 1754 navi
740 1691 799 1773 qui
827 1691 1005 1756 dicebatur
1027 1692 1117 1757 Wil-

170 1793 293 1856 lelmus
316 1813 395 1857 cum
425 1793 553 1869 Barba,
569 1791 767 1856 Willelmus
792 1791 883 1856 filius
913 1792 1051 1856 Osherti
1083 1801 1118 1858 et

170 1893 363 1958 ‘Gauiridus
385 1892 569 1970 aurifaber,
590 1901 624 1956 et
650 1913 728 1956 cum
753 1894 803 1956 eis
829 1894 923 1957 cives
942 1893 1117 1958 Londoni-

172 2015 271 2059 enses
303 1994 415 2071 multi,
441 1993 500 2076 qui
524 1993 597 2077 jam
626 1995 864 2075 praeterierant
884 1994 1117 2058 Ulixebonam

171 2103 206 2159 et
224 2102 329 2178 caput
355 2094 467 2158 sancti
492 2093 679 2170 Vincentii,
703 2101 738 2157 et
763 2103 992 2176 pervenerant
1013 2115 1120 2177 prope

169 2197 349 2260 civitatem
367 2194 509 2276 Sylviae,
523 2213 601 2277 quae
620 2201 703 2257 tunc
723 2195 887 2276 temporis
907 2193 1031 2257 ultima
1047 2202 1121 2258 erat

173 2294 449 2358 Christianitatis
478 2294 515 2356 in
545 2292 731 2376 Hispania,
764 2300 799 2357 et
826 2300 902 2358 erat
929 2294 977 2357 ibi
1008 2295 1120 2358 adhuc

171 2394 372 2459 'Christiana
402 2393 485 2457 fides
517 2393 667 2470 novella,
698 2400 820 2476 utpote
850 2414 929 2477 quae
961 2396 997 2458 in
1030 2415 1120 2459 anno

170 2496 333 2580 proximo
365 2493 542 2579 praeterito
573 2494 666 2558 facta
697 2503 750 2558 est
781 2493 987 2559 christicola
1018 2496 1121 2559 etde

170 2598 332 2660 manibus
351 2615 565 2678 paganorum
589 2602 708 2677 erepta
722 2616 730 2674 ;
754 2615 900 2678 cumque
915 2616 1022 2679 prope
1037 2596 1122 2659 civi-

176 2706 283 2762 tatem
310 2696 546 2778 navigassent,
569 2702 806 2777 cognoverunt
827 2716 890 2778 per
912 2697 1122 2767 indiciano-

176 2787 311 2863 tissima
344 2796 435 2879 quod
465 2793 654 2859 Christiani
690 2795 739 2859 ibi
773 2796 988 2876 habitarent3
1023 2798 1122 2861 navis

176 2898 427 2964 Londoniensis
464 2896 525 2960 ilio
560 2916 597 2959 se
635 2896 793 2973 contulit,
816 2906 850 2960 et
887 2916 964 2960 cum
994 2917 1121 2980 magno

174 3001 304 3064 honore
323 2997 543 3080 abepiscopo
560 3002 595 3060 et
612 2996 690 3059 aliis
706 2996 864 3060 omnibus
882 2999 1011 3082 recepti
1030 3008 1121 3065 sunt.

177 3102 286 3165 Erant
325 3106 441 3163 autom
485 3098 520 3160 in
568 3097 650 3161 navi
688 3096 749 3160 ilia
788 3097 971 3180 plusquam
1002 3107 1124 3182 quater

175 3201 302 3284 viginti
331 3200 479 3285 juvenes
509 3199 596 3260 bene
629 3196 765 3274 armati,
793 3217 880 3280 quos
915 3199 1057 3263 retinuit
1088 3201 1124 3264 in

176 3302 317 3366 servitio
348 3319 410 3362 suo
446 3292 536 3380 ¹prae
568 3296 691 3361 timore
723 3298 942 3380 imperatoris
974 3299 1016 3363 dc
1047 3299 1124 3364 Ma·

177 3400 260 3465 roch
287 3399 435 3483 populus
461 3398 613 3462 civitatis
637 3403 673 3461 et
691 3417 754 3461 rex
771 3398 1046 3481 Portugalensis,
1072 3401 1124 3464 sa·

82 3572 85 3578 ,
178 3501 308 3567 cientes
331 3501 380 3563 eis
403 3498 633 3562 omnimodam
655 3500 875 3564 securitatem
890 3500 932 3563 de
954 3500 1126 3583 stipendio

176 3621 241 3685 pro
266 3609 348 3665 voto
372 3599 591 3682 competenti,
614 3606 650 3662 et
666 3599 807 3682 insuper
831 3600 922 3684 quod
948 3621 993 3664 ex
1016 3603 1126 3665 abun-

178 3703 276 3768 danti
305 3712 468 3783 magnam
505 3700 554 3763 eis
587 3700 857 3764 munificentiam
893 3701 1125 3783 providerent.

175 3806 309 3869 ⁴Decem
347 3808 518 3884 praeterea
563 3818 669 3864 naves
709 3801 800 3883 regis
835 3800 988 3883 Angliae,
1024 3804 1126 3867 nimis

180 3925 255 3969 cum
280 3905 352 3968 suis
382 3902 573 3967 rectoribus
605 3900 671 3965 huc
699 3909 803 3984 atque
828 3901 911 3967 illuc
937 3903 1127 3986 dissipatae‚

179 4007 331 4082 tandem,
361 4004 511 4068 Domino
541 4001 700 4079 ducente,
730 4002 773 4065 ad
800 3990 977 4068 civitatem
1005 4005 1154 4085 Ulixe,

214 4193 288 4243 ¹Proe
299 4193 384 4269 timore
396 4192 548 4257 imperatoria
559 4193 589 4241 de
600 4191 729 4255 Maraeu]
755 4191 878 4254 Compare
892 4193 1024 4242 Benediet.
1035 4208 1062 4255 p.
1071 4197 1129 4265 596,

178 4282 227 4330 seq.
