2858 4876
431 419 572 468 anonas
597 419 864 470 nrsronrannn.
1078 400 1123 467 33

167 577 295 665 deutur
319 579 354 643 in
387 581 483 644 curia
515 580 750 644 ecclesiastica
772 578 966 664 judicandi.
1016 578 1119 657 Item,
1134 585 1257 634 til-¹¹⁹2

167 679 375 759 generaliter
397 700 514 745 omnes
538 681 580 745 de
600 680 679 743 fidei
701 681 843 744 laesione
864 679 917 745 vel
930 679 1119 762 juramenti

167 781 440 861 transgressione
471 782 680 864 quaestiones
712 782 748 844 in
777 781 853 846 loro
884 780 1119 847 ecclesiastico

166 882 429 947 tractabuntur,
465 881 568 960 Item,
583 883 793 965 quaestiones
816 881 859 946 de
881 881 962 945 dote
979 881 1035 946 vel
1057 882 1122 946 do-

166 980 306 1046 natione
335 989 478 1066 propter
499 983 652 1065 nuptias,
676 983 816 1065 quando
838 981 980 1048 mobilia
1001 982 1058 1048 vel
1079 1003 1119 1047 se

165 1081 341 1146 moventia
353 1089 530 1165 petuntur,
543 1083 585 1147 ad
600 1083 780 1148 ecclesiam
789 1082 991 1148 referentur.
1013 1081 1117 1162 Item,

165 1182 201 1246 in
224 1182 379 1246 ecclesiis
408 1184 695 1248 conventualibus
730 1184 873 1247 abbates
900 1183 956 1248 vel
984 1184 1117 1266 priores

166 1289 227 1346 aut
251 1282 436 1349 abbatissae
465 1304 542 1350 cum
566 1303 710 1348 assensu
731 1283 786 1348 sui
808 1284 962 1368 episcopi
984 1283 1122 1366 eligen·-

164 1389 233 1448 tur.
276 1381 380 1462 Item,
398 1378 510 1450 ¹nulla
526 1385 586 1450 fiet
603 1385 794 1468 recognitio
810 1384 846 1447 in
863 1383 939 1449 soro
956 1385 1115 1462 seculari,

165 1483 195 1547 si
210 1483 330 1549 charta
347 1485 403 1550 vel
420 1485 489 1551 alio
511 1486 614 1551 modo
636 1485 925 1572 eleemosynatam
941 1503 1017 1549 esse
1033 1478 1123 1570 pos·

165 1585 353 1650 sessionem
371 1586 438 1650 viri
457 1586 682 1651 ecclesiastici
704 1585 851 1669 probare
867 1585 1031 1671 poterint,
1053 1585 1122 1651 sed·

166 1684 210 1749 ad
228 1686 480 1752 ecclesiasticos
494 1687 630 1772 judices
650 1688 880 1752 remittentur.
922 1685 1025 1764 Item,
1043 1687 1115 1751 dis-

164 1785 308 1851 tributio
325 1807 449 1866 rerum,
467 1807 546 1870 quae
568 1789 605 1852 in
626 1795 835 1854 testamento
857 1787 1113 1871 relinquuntur,

162 1888 371 1953 auctoritate
398 1889 552 1954 ecclesiae
582 1889 662 1970 fiet3
693 1909 756 1954 nec
785 1888 918 1953 decima
949 1908 1043 1972 pars,
1073 1898 1114 1956 ut

163 1987 258 2067 olim,
281 1990 519 2057 subtrahetur.
575 1990 677 2067 Item,
703 1989 747 2053 de
773 1989 873 2052 bonis
897 1988 1112 2068 clericorum,

165 2089 231 2153 etsi
247 2089 407 2156 dicantur
422 2090 528 2155 fuisse
545 2089 706 2166 usurarii,
719 2088 776 2152 vel
786 2106 1003 2171 quocumque
1020 2108 1112 2152 mor-

164 2190 210 2253 tis
233 2210 358 2271 genere
381 2190 562 2273 praeventi,
581 2188 667 2254 nihil
686 2187 836 2272 pertinet
856 2187 900 2251 ad
924 2188 1112 2252 secularem

165 2295 386 2371 potestatem,
413 2290 474 2354 sed
497 2288 685 2373 episcopali
717 2287 925 2353 auctoritate
950 2287 986 2351 in
1008 2307 1115 2371 opera

165 2389 306 2473 pietatis
339 2389 599 2459 distribuentur.
651 2390 753 2468 Item,
779 2387 943 2472 quicquid
972 2386 1051 2454 laici
1076 2390 1113 2453 in

163 2490 238 2555 vita
260 2509 325 2568 sua
346 2490 563 2570 donaverint,
580 2491 636 2556 vel
658 2508 876 2575 quocumque
897 2488 1001 2554 titulo
1026 2508 1048 2554 a
1075 2509 1114 2555 se

164 2591 402 2670 alienaverint,
435 2592 500 2658 etsi
531 2592 680 2656 usurarii
704 2591 810 2656 luisse
839 2589 1012 2668 dicantur,
1033 2596 1114 2673 post

164 2699 308 2758 mortem
336 2713 406 2758 non
436 2693 680 2772 revocabitur3
707 2710 786 2775 quae
811 2710 895 2756 vero
919 2697 1000 2774 post
1022 2704 1114 2754 mor·

164 2799 234 2857 tem
257 2812 327 2859 non
348 2793 500 2859 alienata
520 2793 750 2872 invenientur,
766 2792 797 2856 si
813 2790 990 2874 cognitum
1010 2790 1114 2857 suerit

163 2892 259 2976 ipsos
279 2899 433 2976 tempore
460 2894 580 2958 mortis
603 2893 711 2958 fuisse
732 2891 921 2968 usurarios,
947 2891 1115 2956 confisca-

165 2995 306 3060 buntur.
358 2993 464 3073 Item,
481 2994 511 3058 si
533 3000 691 3058 mortuns
713 2992 872 3057 habuerit
893 2991 1033 3074 aliquod
1053 3012 1115 3057 va

165 3094 273 3171 dium,
290 3094 383 3160 unde
404 3102 531 3160 sortem
554 3113 653 3158 suam
670 3093 874 3177 perceperit,
896 3093 1011 3175 portio
1030 3093 1115 3177 ipsi.

168 3215 209 3259 us
231 3195 340 3260 libera
360 3195 501 3260 adeum
521 3196 581 3279 qui
598 3194 803 3270 invadiavit,
820 3191 875 3256 vel
892 3190 937 3256 ad
959 3191 1114 3258 haeredes

165 3296 287 3380 ipsius,
309 3302 524 3375 revertetur3
553 3295 644 3359 idem
662 3295 722 3360 fiet
744 3292 787 3357 de
808 3292 1024 3377 portionibus
1047 3314 1113 3358 ux-

168 3397 238 3460 oris
261 3401 296 3460 et
318 3394 466 3460 filiorum
489 3395 564 3478 ejus
589 3401 669 3479 post
691 3401 836 3459 mortem
858 3393 1023 3477 ipsorum.
1076 3394 1113 3465 Si

168 3495 246 3580 quis
276 3496 367 3560 enim
397 3496 578 3564 subitanea
610 3501 720 3561 morte
750 3494 806 3560 vel
843 3494 997 3577 quolibet
1030 3513 1115 3561 casu

167 3604 431 3682 praeoccupatus
448 3596 564 3674 luerit,
584 3603 625 3661 ut
646 3596 689 3662 de
711 3596 815 3661 rebus
836 3595 909 3660 suis
934 3595 1115 3679 disponere

167 3717 235 3762 non
253 3697 376 3781 possit,
392 3697 589 3762 distributio
604 3698 772 3765 bonorum
789 3695 864 3782 ejus
881 3695 1116 3762 ecclesiastica

165 3798 372 3864 auctoritate
388 3798 459 3865 fiet.

206 3975 212 4008 ¹
225 3973 336 4047 Nulla]
355 3978 419 4028 ‘I'his
435 3978 523 4029 article
539 3977 631 4027 should
655 3976 1117 4040 velquaecumqueecclesiasticaeper-

168 4049 201 4103 be
217 4050 279 4099 read
297 4065 326 4098 as
341 4049 457 4111 follows3
473 4048 573 4097 ‘Nulla
589 4048 632 4096 liet
656 4062 724 4097 sonae
735 4061 780 4097 xx.
792 4047 865 4095 annis
876 4047 917 4095 vel
933 4047 1043 4109 amplius
1060 4062 1117 4108 pos·

167 4120 305 4182 recognitio
321 4121 347 4168 in
358 4120 412 4168 loro
428 4118 536 4169 seculari
555 4132 632 4181 super
656 4118 784 4177 sederint;
801 4118 916 4167 similiter
934 4117 1005 4166 nulla
1020 4118 1063 4167 liet
1078 4132 1118 4166 re·

168 4191 327 4253 possessione
349 4204 425 4252 quam
449 4190 496 4239 viti
518 4187 631 4251 religiosi
656 4189 766 4250 cognItio
777 4188 800 4237 si
810 4183 896 4250 carta’
908 4191 958 4239 etc.

222 4281 298 4330 VOL.
318 4280 373 4330 lll.
944 4277 968 4326 D
