2858 4876
431 408 567 457 anonas
595 407 864 456 nrsronrnnnn.
1074 393 1117 459 17

167 569 250 646 bris,
270 574 310 633 nt
324 568 464 633 domino
478 590 555 634 mec
575 577 611 634 et
628 571 750 634 amico.
787 570 980 634 Statnimns
997 570 1113 646 etiam,
1128 584 1181 624 ab·
1194 586 1250 624 11⁹⁰·

167 669 260 750 qnod
282 677 427 753 uterque
449 678 605 734 nostrum
632 669 730 735 alteri
755 672 922 735 auxilium
945 671 1061 748 faciet,
1084 673 1114 735 si
1155 669 1158 676 ’

167 790 307 835 necesse
327 771 443 847 fuerit,
461 771 505 835 ad
521 778 647 835 terram
669 791 768 835 suam
789 771 1048 848 defendendam,
1066 773 1113 835 si·

166 879 226 936 cut
249 872 338 935 alter
353 879 509 935 nostrum
531 873 704 955 propriam
728 872 925 937 defenderet
944 880 980 936 et
1002 872 1110 936 illiba·

168 980 239 1036 tam
254 965 447 1037 ¹scrvaret.'
470 972 624 1037 Comites
635 979 671 1037 et
682 974 830 1036 barones
843 973 1022 1056 utriusque
1035 994 1114 1055 reg·

167 1072 204 1136 ni
221 1072 440 1157 juraverunt,
464 1073 554 1157 quod
578 1093 600 1137 a
621 1073 787 1136 fidelitate
813 1093 933 1155 regum
957 1093 1025 1136 non
1045 1075 1112 1138 dis·

167 1173 329 1238 cederent
357 1193 419 1238 nec
449 1193 608 1255 guerram
635 1181 825 1249 moverent,
854 1174 963 1237 donec
989 1174 1031 1237 de
1055 1194 1115 1257 pe·

164 1275 401 1356 regrinatione
422 1274 595 1351 redierint,
610 1281 646 1338 et
663 1294 724 1357 per
739 1275 813 1337 dies
829 1275 1063 1356 quadraginta
1078 1276 1114 1340 in

168 1375 269 1438 terris
297 1375 370 1439 suis
392 1395 470 1438 cum
498 1394 583 1458 pace
608 1393 739 1438 moram
766 1373 933 1453 fecerint3
966 1382 1002 1438 et
1023 1375 1114 1439 idem

168 1482 312 1559 uterque
328 1495 446 1557 regum
464 1495 527 1558 pro
547 1495 584 1538 se
602 1476 679 1558 ipso
692 1475 838 1558 juravit.
873 1474 1115 1557 Arcbiepisco·

167 1577 204 1658 pi
227 1584 262 1641 et
286 1576 439 1660 episcopi
461 1576 640 1659 utriusque
661 1577 762 1658 regni
779 1577 999 1661 juraverunt,
1022 1578 1115 1659 quod

168 1677 203 1740 in
219 1685 494 1758 transgressores
514 1677 618 1763 hujus
640 1679 735 1762 pacti
754 1678 1116 1742 excommunicationis

169 1779 374 1843 sententiam
392 1779 663 1861 promulgarent.
710 1779 886 1844 Statutum
902 1786 955 1843 est
973 1786 1116 1860 praeter·

169 1899 222 1956 ea,
245 1879 349 1961 quod,
373 1880 402 1943 si
432 1880 521 1944 alter
543 1900 662 1961 regum
690 1879 726 1941 in
753 1879 876 1943 itinere
900 1879 1116 1955 decessisset,

169 1980 268 2057 alter,
283 1979 342 2062 qui
358 1980 602 2063 supervixerit,
617 1979 797 2062 pecuniam
815 1979 968 2043 defuncti
983 1989 1019 2044 et
1032 2001 1116 2062 gen-

169 2088 222 2144 tes
248 2080 391 2145 baberet
413 2081 458 2144 ad
488 2081 555 2145 Dei
580 2079 758 2144 servitium
784 2079 987 2144 faciendum.
1027 2081 1118 2144 Haec
1196 2067 1199 2071 ⁴

170 2180 373 2246 constitutio
395 2180 485 2245 inter
501 2200 600 2262 reges
623 2181 754 2255 habita,
769 2180 852 2261 quia
873 2181 916 2243 ad
934 2182 1118 2245 terminum

170 2282 351 2363 praefixum
369 2283 475 2345 robur
490 2281 661 2344 firmitatis
676 2280 801 2344 babere
818 2299 887 2343 uon
905 2282 1117 2362 potnit,·dis-

172 2383 326 2446 tulerunt
353 2382 529 2464 negotium
556 2400 665 2463 usque
696 2380 741 2444 ad
770 2381 896 2445 festum
926 2382 1119 2446 nativitatis

172 2483 285 2547 sancti
296 2483 319 2545 J
321 2483 468 2546 ohannis
485 2482 668 2565 Baptistoe,
683 2489 722 2546 nt
734 2482 801 2545 iter
815 2489 886 2546 tam
902 2502 1000 2563 reges
1016 2502 1120 2565 quam

170 2583 324 2648 universi
343 2603 443 2647 cruce
463 2583 592 2664 signati
611 2581 871 2647 immutabiliter
890 2583 983 2665 apud
1000 2577 1121 2647 ²Vize-
1188 2648 1192 2657 ,

173 2684 297 2748 liacum
312 2685 532 2761 conveniant,
548 2685 858 2767 peregrinationem
875 2691 976 2747 terrae
991 2691 1121 2748 sanctae

172 2784 356 2868 expleturi.
401 2785 463 2847 ‘Si
486 2785 544 2867 qui
567 2794 682 2849 autem
703 2792 824 2849 contra
848 2783 937 2848 banc
956 2787 1123 2849 constitu·

173 2885 302 2950 tionem
332 2891 486 2949 nostram
512 2886 629 2950 venire
656 2887 917 2962 attentaverint,
944 2893 1044 2949 terrae
1067 2905 1122 2948 ec-

65 2979 68 2983 ’
172 3007 247 3051 rnm
269 2985 504 3052 ecclesiastico
525 2986 750 3069 subjicientur
771 2986 967 3063 interdicto,
989 2993 1025 3050 et
1044 3005 1122 3068 per-

171 3107 267 3151 sonae
285 3107 390 3169 poena
405 3086 771 3151 excommunicationis
788 3087 997 3168 punientur!
1041 3085 1122 3148 Hiis

170 3188 223 3251 ita
238 3188 357 3271 gestis
375 3208 396 3252 a
411 3188 585 3271 colloquio
600 3193 828 3250 recesserunt.
1139 3178 1142 3183 ’

245 3362 430 3443 Willelrnrrs,
446 3365 585 3429 Elimeia
598 3363 763 3449 episcopas,
779 3362 924 3449 leporium
938 3362 1063 3448 Acylla
1107 3414 1109 3417 .

557 3465 746 3550 impetrarit.

238 3593 319 3658 Rex
339 3591 532 3672 Anglorum
564 3590 759 3655 Richardus
786 3611 863 3654 curn
890 3591 1019 3655 nuntiis
1037 3590 1123 3654 Wil-
1136 3601 1281 3702 {3³¹3an

174 3692 277 3772 lelmi,
295 3693 443 3756 Eliensis
460 3692 622 3774 episcopi,
639 3692 797 3775 [nuntios
816 3691 912 3771 suos]
937 3690 981 3753 ad
997 3710 1122 3774 papam
1137 3704 1236 3743 edeban-

1137 3755 1206 3794 cellar.

176 3794 388 3858 Clementem
414 3792 612 3869 destinavit,
640 3812 662 3855 a
683 3813 751 3877 quo
777 3792 981 3874 rescriptum
1005 3792 1125 3876 hujus-

210 4016 368 4089 ¹Sernnret.]
387 4021 484 4081 Dated,
502 4023 638 4084 according
698 4019 911 4092 ²Vr'zelr'acum.]
939 4022 1126 4074 ‘Vireliacum'

174 4098 200 4141 to
218 4093 351 4153 Heredem
367 4097 393 4141 at
408 4092 566 4154 Nonancurt,
577 4093 636 4142 aoth
665 4095 690 4142 in
701 4095 758 4143 MS.

175 4164 328 4212 December.

231 4254 311 4302 Vol..
337 4254 387 4300 lll.
960 4260 979 4304 0
