2858 4876
421 410 560 459 monus
584 410 855 459 msuonmauu.
1047 397 1114 462 265

163 574 224 631 ant
253 586 337 649 erga
375 567 464 633 filios
497 576 532 632 et
562 568 650 632 filias
683 567 739 633 vel
772 588 899 633 uxores
936 569 1110 633 bominum
1126 591 1249 631 nunna

163 686 315 732 suorum.
369 668 609 750 Monetagium
631 688 823 748 commune,
842 669 934 751 quod
955 671 1112 751 capieba·
1125 643 1245 742 {iiiiii

164 773 221 831 tur
249 786 311 850 per
339 767 501 834 civitates
526 767 581 833 vel
610 769 808 846 comitatus,
831 768 923 851 quod
953 789 1022 832 non
1049 769 1114 834 suit

163 874 318 950 tempore
340 867 526 952 Eadwardi
546 869 650 949 regis,
668 867 733 932 hoc
756 889 799 932 ne
817 869 941 932 amodo
964 869 1027 933 fiat
1043 889 1114 932 om·
1162 947 1165 952 ἶ

164 967 245 1032 nino
271 967 437 1048 defend03
462 967 492 1031 si
517 968 595 1050 quis
618 975 741 1051 captus
763 969 878 1046 fuerit,
900 969 974 1033 sive
996 988 1113 1033 mone·

164 1066 274 1130 tarius
288 1067 363 1132 sive
381 1068 482 1144 alius,
498 1087 576 1130 cum
591 1067 682 1131 salsa
697 1075 848 1145 moneta,
863 1068 1004 1152 justitia
1019 1076 1114 1133 recta

163 1165 243 1234 inde
263 1167 337 1231 fiat.
390 1167 516 1231 Omnia
535 1167 665 1250 placita
689 1174 724 1230 et
746 1168 861 1232 omnia
883 1167 1010 1246 debita,
1035 1187 1113 1251 quae

164 1265 238 1348 regi
266 1266 366 1331 fratri
395 1286 473 1331 meo
503 1266 728 1345 debebantur,
758 1267 928 1345 condono,
957 1270 1114 1350 exceptis

165 1364 273 1433 firmis
298 1367 396 1444 meiS,
421 1374 457 1431 et
482 1367 638 1448 exceptis
664 1366 746 1444 illis,
778 1387 856 1450 quae
884 1375 988 1449 pacta
1015 1375 1114 1432 erant

166 1485 229 1548 pro
258 1466 404 1531 aliorum
435 1465 707 1543 haereditatibus,
734 1466 790 1530 vel
814 1487 877 1549 pro
902 1466 971 1531 illis
999 1469 1113 1543 rebus,

163 1584 244 1648 quae
263 1565 395 1650 justius
418 1565 496 1630 aliis
518 1566 777 1647 contingebant.
831 1566 877 1630 Et
899 1567 929 1630 si
948 1567 1026 1649 quis
1049 1568 1113 1630 ali·

165 1664 247 1746 quid
276 1685 340 1748 pro
366 1666 569 1730 haereditate
599 1684 664 1728 sua
697 1666 889 1749 pepigerat,
918 1666 1004 1730 illud
1032 1687 1113 1730 con-

166 1764 269 1842 dono,
305 1772 340 1829 et
370 1785 489 1831 omnes
529 1764 771 1842 relevationes
805 1785 883 1848 quae
912 1786 976 1848 pro
1011 1768 1114 1832 rectis
1210 1777 1212 1780 ’

164 1863 426 1937 haereditatibus
455 1872 568 1948 pactae
598 1872 707 1929 erant.
775 1865 821 1929 Et
846 1866 876 1929 si
903 1867 981 1947 quis
1013 1867 1114 1930 baro·

166 1984 249 2028 num
276 1965 333 2029 vel
361 1966 539 2029 hominum
575 1984 727 2028 meorum
753 1964 994 2044 infirmabitur,
1024 1967 1114 2030 siout

165 2063 240 2146 ipse
267 2064 363 2129 dabit
383 2065 440 2131 vel
464 2064 547 2128 dare
568 2065 776 2148 disposuerit
795 2067 977 2148 pecuniam
1003 2085 1113 2144 suam,

165 2163 217 2235 ita
240 2164 358 2228 datam
384 2184 459 2229 esse
486 2165 661 2248 oonced03
690 2165 782 2246 quod
806 2165 837 2227 si
859 2166 933 2247 ipse
956 2185 1113 2248 praeven-

167 2269 223 2327 tus
247 2264 304 2328 vel
331 2265 449 2342 armis,
479 2264 535 2329 vel
563 2264 774 2341 infirmitate,
802 2264 984 2347 pecuniam
1015 2284 1114 2329 suam

166 2382 230 2427 nec
253 2363 384 2429 dederit
408 2384 471 2428 nec
492 2363 575 2428 dare
599 2364 819 2447 disposuerit,
842 2384 931 2428 uxor
952 2383 1017 2429 sua
1039 2366 1114 2430 sive
1212 2424 1215 2430 ,

166 2462 266 2527 liberi
305 2470 366 2528 aut
401 2472 562 2547 parentes
597 2471 632 2528 et
664 2463 810 2546 legitimi
848 2463 1003 2529 homines
1039 2464 1115 2548 ejus

166 2581 231 2645 pro
256 2563 372 2627 anima
399 2563 475 2647 ejus
501 2583 577 2628 eam
609 2564 776 2640 dividant,
799 2564 890 2628 sieut
914 2564 963 2627 eis
992 2564 1116 2628 melius

166 2663 278 2727 visum
309 2662 423 2728 fuerit.
476 2663 514 2728 Si
546 2663 623 2746 quis
654 2665 822 2728 baronum
852 2663 908 2728 vel
939 2664 1116 2727 hominum

167 2782 321 2826 meorum
353 2762 569 2841 forisfecerit,
597 2784 668 2827 nou
696 2764 793 2827 dabit
816 2764 955 2827 vadium
982 2764 1018 2827 in
1051 2764 1115 2826 mi-

166 2862 353 2933 sericordia
377 2864 533 2946 pecuniae
559 2882 643 2939 suae,
673 2863 763 2927 sicut
789 2862 938 2928 faciebat
961 2870 1116 2944 tempore

167 2963 277 3045 patris
299 2971 335 3026 et
352 2961 469 3027 fratris
493 2964 572 3041 mei,
595 2964 656 3028 sed
678 2962 864 3029 secundum
888 2962 1115 3028 forisfacturae

166 3061 317 3139 modum,
351 3081 415 3125 nec
452 3063 504 3127 ita
542 3063 737 3128 emendabit
772 3063 862 3126 sicut
899 3062 1116 3126 emendasset

166 3169 259 3226 retro
283 3168 438 3244 tempore
466 3163 575 3246 patris
606 3163 672 3226 mei
701 3161 757 3226 vel
789 3161 934 3225 aliorum
961 3167 1117 3225 anteces-

166 3280 284 3325 sorum
312 3281 492 3340 meorum3
522 3261 615 3343 quod
647 3261 677 3324 si
710 3261 862 3345 perfidiae
889 3260 945 3325 vel
977 3261 1116 3325 sceleris

167 3362 347 3426 convictus
379 3360 494 3438 fuerit,
525 3361 615 3426 sicut
638 3361 704 3426 erit
726 3361 841 3443 culpa,
866 3362 917 3424 sic
946 3362 1115 3424 emendet.

167 3459 314 3524 Murdra
335 3461 441 3525 etiam
470 3468 562 3525 retro
586 3463 630 3524 ab
656 3460 716 3524 illo
739 3460 806 3538 die,
834 3480 902 3542 quo
933 3461 968 3523 in
999 3480 1115 3542 regem

165 3567 352 3625 coronatus
370 3560 432 3637 sui,
451 3561 567 3624 omnia
586 3560 755 3638 condono,
778 3567 813 3624 et
830 3579 872 3623 ea
891 3579 969 3642 quae
992 3560 1116 3625 amodo

166 3660 261 3724 faeta
278 3660 405 3752 fuerint
417 3659 513 3743 juste
536 3660 772 3737 emendentur,
792 3659 979 3723 secundum
1000 3658 1116 3741 lagam

166 3761 259 3841 regis
276 3759 471 3824 Eadwardi.
525 3760 688 3825 Forestas
709 3759 882 3823 communi
896 3759 1040 3823 consilio
1057 3761 1118 3823 ba-

166 3879 290 3923 ronum
318 3878 473 3924 meorum
494 3859 530 3923 in
558 3880 663 3923 manu
685 3878 762 3922 mea
786 3860 837 3923 ita
859 3858 996 3934 retinui,
1028 3860 1117 3923 sicut

166 3967 267 4042 pater
289 3979 385 4024 meus
408 3979 467 4024 eas
491 3959 623 4024 habuit.
690 3959 874 4036 Militibus,
898 3958 956 4041 qui
982 3978 1043 4041 per
1066 3959 1117 4022 lo-

166 4059 256 4122 ricas
278 4067 387 4123 terras
412 4079 493 4123 suas
516 4059 716 4135 defendunt,
737 4066 848 4122 terras
869 4057 1118 4122 dominicarum

165 4177 366 4225 carucarum
392 4180 531 4224 suarum
551 4160 685 4242 quietas
709 4161 752 4223 ab
775 4159 934 4224 omnibus
957 4157 1067 4239 geldis
1084 4165 1119 4221 et
