2858 4876
423 396 567 449 nnenus
591 396 860 447 ursaonmaun.
1048 387 1114 451 319

162 552 381 618 haereditario
403 554 638 636 debebantur3
661 557 721 620 sed
745 577 806 621 rex
829 560 1004 640 negotium
1027 562 1113 625 illud
1129 574 1252 615 alt-1²1⁵·

163 651 299 715 distulit
315 653 424 718 donec
437 663 653 719 sacramento
668 655 832 737 legalium
846 657 1023 722 hominum
1035 680 1113 742 pro-

162 750 283 813 batum
315 751 437 816 suisset
459 754 542 835 quid
568 755 610 817 de
633 754 714 837 jure
744 757 890 837 singulis
922 757 1114 836 deberetur,

163 849 260 911 etad
283 849 348 914 hoc
370 852 505 933 plenius
527 854 783 934 exsequendum
806 855 987 919 constituit
1004 859 1114 921 omni-

161 948 227 1011 bus
244 949 333 1011 diem
349 949 441 1031 apud
458 951 804 1015 westmonasterium
816 953 949 1017 decimo
966 957 1114 1036 septimo

163 1044 331 1110 kalendas
348 1047 513 1130 Augusti.
559 1049 797 1115 Veruntamen
819 1051 1008 1133 Stephano,
1022 1052 1113 1117 Can-

163 1145 330 1208 tuariensi
343 1147 612 1230 archiepiscopo,
626 1149 773 1212 reddidit
785 1157 935 1214 castrum
950 1151 1114 1215 Roffense
1192 1176 1201 1184 ·

163 1249 199 1305 et
210 1244 332 1307 turrim
349 1245 618 1324 Londoniarum,
633 1267 712 1329 quae
723 1248 767 1312 ad
778 1248 853 1331 ejus
866 1250 1058 1313 custodiam
1072 1252 1115 1314 de

159 1340 240 1424 jure
253 1344 397 1426 antiquo
411 1347 627 1427 spectabant.
660 1347 718 1420 Et,
732 1347 783 1411 sic
797 1347 912 1412 soluto
928 1349 1112 1430 colloquio,

164 1441 312 1505 barones
326 1462 404 1507 cum
418 1443 552 1508 chartis
571 1444 727 1526 praefatis
745 1446 788 1508 ad
804 1448 923 1510 urbem
940 1446 1114 1510 londoni·

165 1557 263 1603 arum
277 1543 408 1605 reversi
425 1550 519 1607 sunt.

197 1712 239 1777 Ut
262 1734 316 1777 reo
340 1713 498 1777 Jotanna
523 1714 570 1777 ad
596 1715 720 1779 Vectem
747 1714 884 1779 insulem
907 1715 1036 1778 latenter
1062 1734 1092 1777 se

229 1812 380 1876 divertens
396 1810 560 1876 baronibus
574 1812 709 1876 occultos
717 1814 887 1897 paraverit
903 1814 1049 1876 insidias.

218 1934 485 2012 Recedentibus,
499 1942 539 1998 ut
555 1936 684 2000 dictum
707 1941 772 2012 est,
794 1935 837 1999 de
858 1936 1031 2017 colloquio
1053 1935 1115 1998 ba·
1129 1952 1248 2042 pethqqq:

168 2035 321 2112 renibus,
351 2054 414 2098 rex
440 2033 634 2116 Anglorum
668 2033 719 2098 ita
748 2035 843 2098 solus
874 2036 1051 2112 remansit,
1077 2042 1116 2099 ut
1130 2052 1237 2101 ornan.

167 2132 229 2197 vix
253 2133 319 2197 sibi
340 2141 473 2216 septem
502 2133 637 2214 equites
661 2134 704 2196 de
730 2133 872 2214 propria
897 2133 1030 2197 familia
1056 2151 1116 2196 su·

168 2240 371 2314 peres'sent3
405 2232 476 2313 qui,
499 2238 600 2296 nocte
624 2231 686 2295 illa
707 2231 743 2294 in
766 2240 880 2296 castro
902 2233 944 2295 de
958 2232 1116 2296 Windle-

168 2330 288 2394 shores
319 2331 394 2395 sine
425 2331 541 2412 quiete
569 2331 761 2412 quiescens,
785 2338 865 2394 ante
896 2330 1008 2394 lucem
1032 2351 1115 2394 con-

169 2429 266 2492 fusus
293 2436 328 2494 et
356 2430 472 2493 animo
501 2429 604 2493 nimis
633 2436 874 2493 consternatus
898 2430 942 2492 ad
969 2428 1116 2493 Vectem

168 2528 318 2592 insulam
340 2528 490 2593 latenter
510 2528 677 2608 confugit,
700 2527 759 2589 ubi
782 2521 835 2589 lin
855 2529 1002 2610 angaria
1023 2547 1117 2590 men·

170 2627 215 2690 tis
236 2627 436 2709 aliquandiu
458 2626 668 2691 constitutus
693 2625 876 2707 exquisitis
898 2633 1117 2707 argumenta-

170 2726 322 2789 tionibus
339 2725 565 2806 excogitavit,
583 2733 789 2806 quocontra
810 2726 957 2789 barones
976 2725 1118 2788 ultionis

170 2843 296 2906 genere
309 2831 477 2887 uteretur.
529 2823 685 2888 Tandem
707 2831 788 2905 post
810 2824 1050 2888 meditationes
1065 2824 1116 2885 di-

170 2941 301 3001 versas,
318 2923 353 2986 in
370 2922 503 2986 duobus
517 2922 654 3003 gladiis,
669 2941 747 2984 cum
765 2922 870 2986 Petro
894 2923 1065 3003 apostolo,
1083 2922 1118 2984 id

171 3023 276 3086 estin
300 3021 473 3104 spirituali
494 3028 530 3084 et
544 3020 729 3095 materiali,
752 3022 796 3084 ab
814 3020 972 3084 hostibus
987 3020 1118 3084 vindic·

171 3127 243 3184 tam
258 3138 413 3202 quaerere
427 3119 617 3201 praeelegit,
634 3125 685 3195 ut,
707 3118 738 3181 si
762 3119 796 3180 in
814 3137 884 3182 uno
907 3137 976 3180 non
997 3118 1119 3199 possit,

170 3219 207 3289 in
229 3218 339 3282 altero
361 3216 568 3281 fiducialiter
590 3217 828 3299 triumpharet.
875 3216 925 3279 Ut
947 3222 1062 3279 autem
1083 3217 1120 3278 in

171 3317 287 3399 gladio
302 3316 472 3399 spirituali
485 3322 692 3398 percuteret,
710 3315 804 3378 misit
828 3314 872 3378 ad
895 3315 1025 3399 curiam
1046 3300 1120 3378 Ro·

171 3434 308 3480 manam
326 3415 582 3497 Pandulphum,
596 3415 726 3478 domini
741 3432 840 3496 papae
862 3413 1121 3488 subdiaconum,

207 3639 257 3691 ¹ln
281 3643 386 3705 angaria
407 3643 527 3706 mentia]
560 3642 635 3690 ‘The
660 3642 735 3690 turall
756 3640 929 3696 norishment;
959 3638 991 3687 he
1010 3637 1122 3687 whetted

173 3711 251 3773 luinge
261 3727 316 3761 was
326 3711 395 3773 right
405 3712 547 3765 sorrowfull
558 3713 584 3759 iu
596 3711 635 3759 his
661 3711 701 3759 his
711 3710 789 3771 teeth,
800 3709 832 3758 he
843 3709 887 3757 did
898 3709 951 3757 bite
962 3722 1020 3756 now
1031 3723 1063 3754 on
1074 3721 1121 3754 one

173 3779 253 3841 heart,
275 3781 366 3829 cursed
388 3781 428 3829 his
455 3780 552 3829 mother
580 3779 636 3828 that
661 3780 735 3828 stuffe
746 3778 797 3828 and
809 3793 867 3827 now
878 3777 1036 3826 onanother
1049 3791 1078 3825 us
1090 3775 1121 3822 he

173 3849 233 3898 bare
243 3849 306 3911 him,
316 3849 359 3898 the
370 3849 449 3898 honre
460 3849 515 3898 that
532 3849 564 3898 he
581 3861 636 3897 was
660 3849 773 3909 wolked‚
784 3848 834 3896 and
845 3847 882 3896 ott
897 3847 976 3895 brahe
993 3845 1036 3893 the
1053 3858 1121 3893 same

173 3919 259 3979 borne,
279 3918 329 3966 and
351 3919 394 3967 the
413 3933 478 3980 pape
497 3919 552 3967 that
570 3932 636 3980 gaue
661 3918 687 3965 in
707 3918 792 3977 pieces
811 3917 885 3966 when
902 3917 933 3964 he
951 3915 1003 3964 had
1019 3908 1121 3972 doone3’

174 3987 225 4035 him
245 3987 320 4047 such,
333 3988 444 4049 wishing
461 3987 517 4036 that
534 3987 565 4035 he
584 3987 636 4036 had
662 3986 815 4047 Holinshed‚
844 4002 870 4048 p.
900 3987 957 4046 186,
983 3983 1121 4032 translated

172 4056 291 4105 receiued
321 4055 397 4105 death
422 4057 454 4118 by
476 4057 589 4105 violence
611 4056 641 4104 of
660 4055 722 4104 from
736 4055 819 4105 Paris.

174 4126 256 4174 swerd
280 4138 309 4174 or
327 4124 407 4188 lrnise,
429 4124 528 4174 instead
547 4125 576 4174 of
592 4139 637 4173 na-
