2858 4876
170 587 224 628 AJ).
236 588 292 628 12⁰7.

327 391 394 458 214
586 404 719 452 nonum
744 404 791 451 on
814 400 1021 451 wnuoovnu

330 567 499 632 riensibus
513 585 575 649 per
588 566 706 629 literas
728 565 764 628 in
781 566 910 630 virtute
929 571 1061 628 sanctae
1075 561 1280 628 obedientiae

331 667 508 753 p'raecepit,
524 674 563 730 ut
580 665 880 748 arehiepiscopum
898 665 972 749 jam
993 664 1123 728 dictum
1141 663 1178 726 in
1202 683 1283 747 pas-

237 825 240 830 .
329 775 442 831 torem
468 767 694 849 susciperent,
717 766 818 848 eique
842 766 879 829 in
903 764 1151 846 temporalibus
1178 764 1282 827 simul

174 2482 252 2522 Menke
262 2494 299 2523 ex·

172 2533 241 2582 pslled
250 2535 277 2583 by

173 2582 230 2623 John
238 2584 293 2623 from

172 2633 309 2684 canterbury.

332 874 368 931 et
400 866 635 949 spiritualibus
665 865 841 929 humiliter
869 864 1059 929 obedirent.
1125 862 1283 945 Cumque

330 966 472 1030 tandem
492 965 602 1031 literae
623 966 754 1030 domini
778 984 879 1048 papae
904 965 948 1028 ad
976 964 1068 1045 regis
1086 961 1282 1045 Anglorum

332 1066 492 1130 notitiam
518 1065 768 1149 pervenissent,
790 1066 899 1130 iratus
915 1070 968 1129 est
985 1082 1049 1127 rex
1063 1063 1285 1129 vehementer

333 1165 376 1229 de
398 1166 613 1249 promotione
632 1165 790 1247 magistri
804 1163 971 1248 Stephani
989 1165 1120 1247 pariter
1134 1170 1169 1227 et
1187 1162 1282 1230 Nor-

333 1266 492 1330 wicensis
523 1267 730 1342 cassatione,
762 1266 960 1348 crimenque
998 1263 1203 1346 proditionis
1245 1265 1282 1328 in

334 1366 522 1430 monachos
554 1365 822 1430 Cantuarienses
857 1364 1038 1428 refundere
1072 1365 1281 1445 satagebat;

334 1465 424 1530 dixit
452 1466 554 1543 enim,
580 1466 672 1548 quod
694 1464 730 1529 in
753 1464 991 1550 praejudicinm
1019 1483 1093 1528 suae
1112 1464 1284 1529 libertatis

334 1564 409 1629 sine
428 1566 536 1648 ipsius
551 1564 691 1629 licentia
708 1565 923 1648 suppriorem
937 1583 1038 1628 suum
1048 1562 1237 1646 elegerant,
1249 1572 1286 1629 et
1372 1603 1388 1623 s

335 1664 567 1748 postmodum,
592 1672 631 1729 ut
653 1664 745 1748 quod
775 1664 865 1729 male
892 1670 1073 1747 gesserant
1092 1664 1191 1747 quasi
1216 1665 1283 1729 sibi

335 1764 578 1828 satisfaciendo
588 1766 784 1848 palliarent,
793 1764 972 1847 elegerunt
982 1764 1182 1847 episcopum
1192 1762 1283 1829 Nor·

334 1865 530 1942 wicensem,
563 1871 599 1929 et
621 1865 802 1948 pecuniam
825 1863 868 1928 de
893 1864 977 1949 fisco
1005 1863 1213 1946 accipientes
1239 1864 1284 1948 ad

334 1964 467 2027 itineris
484 1984 669 2046 expensas,
685 1971 725 2028 ut
742 1964 942 2029 electionem
963 1965 1006 2028 de
1027 1964 1189 2046 episcopo
1211 1984 1283 2028 me·

335 2071 470 2129 morato
486 2065 614 2128 factam
631 2065 722 2147 apud
740 2064 856 2128 sedem
874 2064 1099 2146 apostolicam
1118 2064 1284 2146 impetra·

335 2173 412 2228 rent
429 2163 636 2241 confirmari,
655 2165 691 2226 in
709 2164 884 2228 cumulum
903 2164 1097 2246 iniquitatis
1119 2183 1192 2229 suae
1213 2165 1283 2228 ele·

335 2270 461 2345 gerunt
485 2264 533 2328 ibi
555 2263 769 2346 Stephanum
792 2264 835 2328 de
862 2263 1082 2345 Langetune,
1105 2264 1282 2328 inimicum

335 2382 436 2427 suum
457 2363 646 2445 publicum,
668 2383 814 2445 eumque
832 2363 988 2428 fecerunt
1003 2363 1040 2427 in
1056 2363 1283 2447 archiepisco·

336 2483 419 2546 pum
434 2465 639 2528 consecrari.
703 2463 758 2527 Ob
772 2463 861 2527 hanc
881 2483 1018 2546 quoque
1035 2482 1176 2527 causam
1193 2464 1283 2528 idem

338 2582 400 2626 rex
432 2563 469 2626 in
498 2563 649 2628 furorem
683 2583 804 2628 versus
831 2570 867 2627 et
895 2563 1167 2645 indignationem
1189 2565 1285 2630 misit

331 2661 523 2727 -Fulconem
556 2664 599 2727 de
627 2662 776 2727 Cantelu
809 2671 844 2727 et
877 2662 1069 2728 Henricum
1097 2662 1140 2727 de
1174 2664 1286 2729 Corn·

334 2761 437 2839 helle,
459 2763 585 2826 milites
609 2763 864 2827 crudelissimos
887 2771 923 2829 et
939 2763 1165 2828 humanitatis
1185 2764 1283 2846 igna-

336 2880 405 2940 ros,
428 2881 505 2924 cum
529 2863 695 2927 ministris
715 2864 870 2940 armatis,
893 2870 933 2927 ut
947 2862 1134 2928 monachos
1150 2863 1284 2929 Cantu-

336 2962 500 3039 arienses,
526 2961 616 3026 sicut
638 2963 779 3027 crimine
800 2963 894 3028 laesae
921 2963 1116 3046 majestatis
1142 2983 1232 3041 reos,
1262 2984 1285 3029 a

335 3081 443 3143 regno
462 3059 602 3143 Angliae
628 3063 841 3145 expellerent
859 3063 916 3128 vel
945 3063 1087 3145 capitali
1110 3065 1283 3130 sententia

333 3161 623 3242 condemnarent;
645 3163 697 3226 illi
719 3170 835 3227 autem
858 3162 1058 3226 mandatnm
1077 3162 1208 3228 domini
1229 3167 1285 3229 sui

335 3281 405 3325 non
436 3262 589 3343 segniter
620 3270 849 3345 exsequentes
879 3262 1104 3327 Cantuariam
1136 3265 1285 3346 profecti

335 3369 429 3440 sunt,
459 3369 495 3426 et
523 3362 663 3426 nudatis
694 3363 833 3427 ensibus
863 3363 1110 3427 monasterinm
1135 3364 1285 3446 ingressi

334 3481 420 3526 voce
440 3461 571 3525 furiosa
596 3463 703 3544 priori
732 3469 767 3526 et
793 3461 971 3526 monachis
996 3469 1163 3544 exparte
1191 3465 1284 3546 regis

333 3566 585 3643 praeceperunt,
607 3568 658 3638 ut,
681 3561 777 3626 velut
798 3561 991 3645 proditores
1019 3562 1124 3645 regiae
1156 3562 1283 3647 majes-

333 3660 427 3738 tatis,
450 3650 678 3726 incontinenti
705 3661 748 3725 de
771 3681 878 3744 regno
897 3659 1038 3744 Angliae
1060 3663 1209 3743 exirent,
1236 3671 1283 3742 et,

333 3759 364 3822 si
380 3758 445 3825 hoc
460 3759 573 3824 facere
591 3760 794 3839 noluissent,
815 3759 1073 3826 affirmaverunt
1088 3782 1165 3826 cum
1180 3762 1282 3847 jura·

331 3867 460 3937 mento,
481 3859 574 3943 quod
601 3861 679 3943 ipsi,
704 3861 833 3944 injecto
858 3861 940 3944 igne
962 3869 1033 3925 tam
1052 3862 1089 3925 in
1105 3863 1183 3945 ipso
1207 3875 1282 3928 mo·
1371 3904 1378 3917 .-

332 3960 482 4024 nasterio
500 3979 604 4042 quam
618 3959 655 4023 in
678 3961 756 4025 aliis
778 3960 935 4040 officinis,
958 3980 1076 4026 omnes
1097 3961 1176 4027 illos
1202 3983 1282 4027 cum

330 4057 415 4142 ipsis
430 4059 584 4124 aedificiis
598 4070 867 4127 concremarent.
906 4061 1071 4126 Monachi
1084 4081 1165 4127 vero
1179 4063 1282 4128 nimis

330 4157 524 4224 inconsulte
556 4168 700 4242 agentes
733 4161 807 4225 sine
834 4160 1000 4228 violentia
1027 4169 1061 4226 et
1087 4162 1180 4227 omni
1208 4181 1281 4227 ma-
