2858 4876
348 383 413 449 138
595 402 731 450 uocum
754 402 802 448 nn
826 401 1033 450 wuunovna

184 576 307 616 annm.
346 558 503 624 Chinone
525 565 560 624 ct
582 559 625 625 de
646 559 802 637 Sanmur
818 566 854 623 et
874 558 952 623 aliis
974 559 1126 624 castellis
1152 560 1217 623 sub
1242 561 1296 642 ip-

345 660 418 723 sius
446 657 605 725 custodia
629 658 832 743 deputatis3
861 659 1014 724 Thomas
1040 679 1123 724 vero
1142 659 1185 722 de
1208 659 1297 723 Fur-

346 761 432 836 neiS,
442 779 549 842 nepos
563 760 672 843 ipsius
683 759 841 837 Roberti‚
850 758 993 824 tradidit
1004 757 1170 834 Arthuro,
1180 760 1297 824 comiti

346 859 551 938 Britanniae,
570 860 746 925 civitatem
763 858 966 942 Andegavis
988 867 1023 924 et
1044 859 1237 934 castellum,
1261 867 1296 924 et

345 959 455 1023 eidem
477 958 633 1025 Arthuro
661 959 819 1024 adhaesit.
870 958 1050 1042 Principes
1066 956 1295 1040 Andagaviae,

344 1059 590 1148 Cenomanniae
614 1067 649 1124 et
666 1060 830 1124 Turoniae
852 1045 1005 1123 Arthuro
1025 1059 1116 1124 sicut
1133 1060 1217 1140 ligio
1233 1060 1295 1124 do·

345 1159 438 1223 mino
455 1159 687 1234 adhaeserunt,
705 1161 858 1224 dicentes
875 1159 1046 1243 judicium
1063 1178 1140 1223 esse
1162 1165 1198 1222 et
1212 1179 1296 1224 con-

345 1259 564 1323 suetudinem
589 1260 727 1324 illarum
751 1261 944 1342 regionum,
962 1267 1002 1324 ut
1018 1259 1206 1340 ArthuruS,
1230 1261 1294 1324 fili-

344 1379 385 1423 us
410 1359 528 1424 fratris
552 1359 709 1438 senioris,
731 1360 768 1424 in
796 1360 1004 1442 patrimonio
1029 1360 1095 1424 sibi
1118 1360 1233 1425 debito
1259 1369 1294 1425 et

344 1459 546 1524 haereditate
581 1461 752 1525 avunculo
786 1459 963 1537 succedat,
994 1480 1095 1544 quem
1133 1459 1294 1525 videlicet

346 1558 548 1636 GaufriduS,
562 1567 662 1642 pater
673 1560 829 1644 ejusdem
840 1559 998 1638 Arthuri,
1009 1568 1101 1625 esset
1113 1560 1294 1624 habiturus

346 1661 377 1723 si
403 1679 518 1741 regem
539 1659 752 1724 Richardum
772 1661 1034 1744 supervixisset.
1087 1659 1294 1724 Constantia

343 1766 524 1842 praeterea,
555 1768 666 1824 mater
690 1759 848 1838 Arthnri,
869 1760 912 1824 ad
938 1780 1055 1841 regem
1080 1760 1292 1824 Francorum

344 1858 520 1923 Turonem
541 1862 682 1925 veniens
700 1860 843 1925 tradidit
860 1860 892 1924 ei
909 1859 1101 1924 Arthurum
1122 1879 1292 1925 memora·

343 1965 439 2037 tum3
463 1979 564 2041 quem
582 1980 645 2024 rex
664 1961 828 2025 continuo
845 1960 939 2025 misit
957 1960 1113 2024 Parisios
1134 1962 1199 2025 suh
1215 1980 1293 2024 cus-

343 2058 439 2123 todia
459 2059 675 2142 deputatum,
701 2067 737 2124 et
762 2062 895 2144 accepit
918 2061 954 2123 in
981 2079 1084 2124 manu
1117 2079 1182 2124 sua
1209 2061 1294 2126 civi·

343 2165 435 2223 tates
453 2178 571 2224 omncs
591 2167 627 2224 et
643 2160 787 2224 castella
806 2180 884 2243 quae
901 2158 1047 2224 Arthuri
1063 2167 1173 2225 erant.
1224 2161 1292 2225 Sed

342 2257 524 2323 Johannes
554 2276 669 2324 comes
694 2267 730 2324 et
755 2268 866 2325 mater
887 2260 963 2345 ejus
992 2260 1112 2342 regina
1137 2259 1293 2339 Alienor,

343 2360 498 2423 exercitu
522 2360 663 2442 copioso
680 2360 811 2443 stipati,
829 2361 1098 2425 Cenomanniam
1115 2361 1292 2425 venientes

343 2459 520 2523 civitatem
540 2466 575 2524 et
597 2460 777 2524 castellum
795 2468 971 2544 ceperunt,
991 2461 1112 2525 domos
1130 2461 1167 2525 in
1183 2481 1225 2526 ea
1241 2463 1292 2526 la·

236 2632 239 2638 ‚
343 2558 463 2641 pideas
490 2561 747 2637 subverterunt,
774 2580 815 2626 eo
844 2562 936 2645 quod
961 2560 1117 2627 Arthuro
1139 2561 1292 2626 adhaese·

271 2728 275 2736 ,
343 2665 434 2736 rant,
457 2667 492 2724 et
519 2661 612 2724 cives
642 2662 800 2744 captivos
826 2663 1011 2726 educentes
1037 2663 1101 2727 sub
1128 2661 1293 2726 carcerali

315 2794 318 2799 ·
341 2777 401 2822 eos
419 2761 576 2824 custodia
591 2761 818 2826 incluserunt.

373 2907 415 2974 Ut
429 2931 522 2974 comes
536 2905 692 2976 Jotmaa
707 2910 854 2975 ducatum
868 2909 1075 2974 Normanniae
1087 2910 1259 2996 casamala

194 3041 275 3119 ⁰113„
309 3091 321 3120 e
393 3033 462 3098 His
488 3035 539 3098 ita
572 3035 693 3116 gestis,
720 3053 837 3098 comes
866 3032 1046 3098 Johannes
1078 3032 1145 3098 fuit
1171 3034 1208 3097 in
1236 3034 1292 3099 die

194 3141 275 3220 ¹2⁰1&
305 3208 310 3220 .
342 3131 488 3198 Paschae
507 3134 542 3196 in
560 3132 766 3215 Andagavia
788 3134 881 3217 apud
899 3132 1070 3210 Bamfort,
1093 3140 1129 3198 et
1144 3134 1181 3197 in
1196 3154 1291 3199 cras-

342 3233 415 3298 tino
439 3234 533 3298 misit
561 3233 762 3297 Alienoram
792 3235 946 3314 reginam
974 3253 1052 3296 cnm
1080 3232 1291 3299 Marchadeo

342 3332 385 3396 ad
401 3332 705 3414 Andagavensium
727 3335 924 3412 civitatem3
947 3352 1016 3414 quo
1040 3331 1212 3398 hostiliter
1233 3354 1292 3398 ac·

342 3433 501 3496 cedentes
520 3433 791 3498 devastaverunt
811 3453 888 3497 eam
907 3439 943 3496 et
964 3432 1058 3496 cives
1076 3439 1197 3515 captos
1220 3441 1293 3496 tur·

343 3533 431 3615 piter
454 3533 685 3598 abduxerunt.
738 3534 784 3598 Et
806 3533 943 3596 iuterim
970 3550 1086 3596 comes
1109 3532 1133 3597 J
1135 3533 1290 3598 ohannes

343 3631 601 3714 Rothomagum
619 3633 761 3698 veniens
778 3626 829 3696 ¹in
847 3632 981 3697 octavis
1004 3630 1152 3696 Paschae
1173 3633 1291 3716 gladio
1316 3688 1319 3693 ,

341 3731 488 3797 ducatus
523 3732 750 3798 Normanniae
784 3733 960 3796 accinctus
995 3739 1049 3796 est
1079 3731 1115 3795 in
1148 3735 1291 3798 matrice

339 3833 485 3897 ecclesia
506 3853 568 3916 per
592 3833 820 3898 ministerium
842 3830 1004 3910 Walteri,
1028 3832 1290 3916 Rothomagen·

338 3931 387 3995 sis
409 3933 669 4017 archiepiscopi,
692 3933 752 3996 ubi
778 3932 1056 4016 archiepiscopus
1078 3942 1290 3999 memoratus

338 4040 420 4098 ante
439 4035 552 4118 majus
570 4034 680 4097 altare
701 4033 738 4096 in
759 4033 873 4116 capite
893 4032 969 4116 ejus
988 4032 1106 4116 posuit
1123 4033 1290 4099 circulum

416 4204 465 4254 lla
476 4206 567 4256 octavis
575 4207 699 4270 Pascha]
717 4207 771 4257 The
782 4209 841 4257 asth
854 4207 929 4270 April
939 4224 946 4269 ;
965 4208 1099 4272 Hoveden,
1109 4224 1135 4271 p.
1148 4212 1206 4260 Μ.
