2858 4876
351 412 417 476 340
610 422 744 472 notrum
769 423 817 469 nn
839 418 1046 470 wunnovua

192 603 315 642 ΔΝΜ·
353 597 492 668 caetero,
527 585 658 670 absque
692 585 949 669 dispensatione
977 582 1068 648 sedis
1102 581 1306 666 apostolicae

353 690 508 775 speciali,
526 688 569 753 ad
590 685 824 770 pontificalem
844 687 925 769 eligi
950 684 1068 749 valeat
1085 682 1304 766 dignitatem.

355 793 486 856 Datum
522 790 634 853 idibus
676 786 900 869 Septembris,
936 784 1159 868 pontificatus
1195 783 1306 848 nostri

355 911 447 956 anno
463 890 595 954 decimo
611 885 761 953 octavo?
1024 880 1026 884 ’

356 1065 406 1127 De
426 1060 617 1146 suspensione
635 1058 801 1145 Stephani,
821 1057 1057 1123 Cantaurianos
1072 1055 1309 1143 orclimbcopi.

194 1198 308 1289 3353·
410 1187 490 1251 Hac
504 1194 672 1269 practerea
683 1191 890 1268 tempestate
905 1184 1045 1261 Petrus,
1057 1182 1310 1248 Wintoniensis

194 1261 325 1390 fssnteiquep
360 1288 555 1370 episcopus,
580 1293 615 1350 et
639 1286 805 1368 magister
831 1284 1070 1367 Pandulphus,
1093 1284 1221 1347 domini
1246 1302 1311 1366 pa-

205 1360 274 1399 mm
317 1375 322 1388 ¹
360 1407 414 1471 pae
433 1386 627 1460 familiaris
645 1386 688 1449 ad
710 1385 1004 1468 archiepiscopum
1022 1384 1310 1450 cantuariensem

360 1487 589 1570 personaliter
621 1485 824 1550 accedentes
852 1505 896 1549 ex
926 1493 1024 1569 parte
1050 1484 1181 1548 domini
1207 1504 1309 1568 papae

360 1587 504 1651 firmiter
533 1592 782 1669 praeceperunt,
814 1592 854 1649 ut
875 1586 1083 1649 sententiam
1111 1584 1203 1649 sedis
1228 1604 1311 1667 apo·

361 1687 493 1751 stolicae
527 1688 562 1750 in
602 1687 749 1750 barones
779 1684 918 1768 Angliae
951 1685 1074 1749 Romae
1103 1685 1312 1766 generaliter

360 1787 466 1851 latam
495 1787 723 1868 suffraganeis
747 1785 1007 1850 Cantuariensis
1039 1784 1194 1849 ecclesiae
1218 1804 1310 1850 com-

361 1889 515 1951 mitteret
544 1887 800 1970 publicandam,
830 1896 866 1949 et
888 1887 1045 1968 ipsemet,
1072 1893 1239 1968 quantum
1265 1886 1310 1949 ad

362 2007 439 2050 eum
462 1988 655 2070 spectabat,
674 1986 820 2068 singulis
840 1987 961 2050 diebus
982 1986 1174 2050 Dominicis
1195 1992 1229 2050 et
1245 1985 1310 2049 fes-

362 2088 443 2151 tivis
469 2107 531 2169 per
550 2095 659 2151 totam
687 2087 972 2151 Cantuariensem
996 2086 1159 2150 diocesim
1182 2086 1312 2150 iaceret

361 2187 548 2268 publicare.
602 2187 688 2250 Erat
707 2194 822 2251 autem
840 2187 915 2270 jam
937 2187 1026 2250 idem
1049 2206 1155 2250 naves
1178 2186 1312 2267 ingres·
1337 2212 1341 2219 ·

362 2306 434 2364 suc,
463 2294 502 2351 ut
525 2287 674 2351 Romam
697 2288 740 2351 ad
769 2288 952 2350 concilium
976 2287 1189 2369 properaret,
1220 2285 1312 2350 unde

363 2387 554 2470 postulavit
574 2387 728 2450 inducias
757 2406 936 2470 quousque
964 2387 1094 2451 domini
1118 2406 1218 2469 papae
1243 2387 1312 2451 col·

363 2488 482 2570 loquio
495 2487 679 2565 frueretur3
698 2486 741 2550 ad
756 2489 962 2551 sententiam
975 2486 1218 2569 publicandam
1232 2507 1314 2551 con·

363 2594 497 2652 stanter
523 2586 708 2664 affirmans,
727 2588 819 2670 quod
838 2589 944 2652 tacita
970 2588 1116 2652 veritate
1141 2587 1314 2651 sententia

363 2687 477 2751 fuerat
494 2687 530 2750 in
551 2689 699 2751 barones
722 2688 806 2765 lata,
830 2695 865 2752 et
880 2688 957 2751 ideo
978 2687 1073 2750 nullo
1093 2686 1194 2750 modo
1216 2687 1312 2751 illam

364 2806 402 2849 se
426 2785 680 2868 publicaturum
709 2787 884 2870 respondit
906 2787 1013 2852 donec
1035 2807 1139 2869 super
1157 2788 1313 2870 praemis-

365 2887 412 2948 sis
439 2885 521 2949 viva
547 2905 631 2950 voce
658 2888 782 2951 summi
810 2888 983 2970 pontificis
1010 2895 1234 2969 cognosceret
1253 2908 1314 2952 vo-

364 2985 544 3049 luntatem.
597 2983 648 3049 At
665 2989 844 3052 memorati
872 2987 975 3070 hujus
1005 2988 1054 3051 rei
1079 2995 1314 3065 exsecutores,

363 3104 441 3148 cum
467 3085 762 3169 archiepiscopum
785 3087 914 3152 domini
936 3107 1037 3170 papae
1060 3088 1243 3170 praeceptis
1265 3089 1315 3151 in·

364 3185 579 3250 obedientem
602 3189 857 3268 cognovissent,
880 3189 1087 3252 auctoritate
1107 3207 1175 3270 qua
1193 3187 1316 3270 iunge-

364 3286 492 3349 bantur
513 3287 568 3350 usi
591 3286 704 3369 ipsum
728 3290 771 3351 ab
802 3288 957 3352 ecclesiae
978 3289 1137 3370 ingressu
1162 3307 1203 3352 ac
1226 3288 1313 3353 divi-

365 3405 487 3449 norum
523 3387 754 3451 celebratione
785 3381 1081 3470 ¹suspenderunt3
1119 3408 1223 3471 quam
1257 3388 1317 3452 ille

364 3486 624 3568 suspensionem
654 3486 829 3552 humiliter
861 3490 1049 3553 observans
1083 3487 1200 3552 sedem
1232 3508 1318 3571 apo-

364 3585 524 3650 stolicam
562 3605 749 3669 suspensus
790 3588 924 3670 petivit.
999 3589 1099 3652 Tunc
1135 3590 1318 3671 episcopus

365 3685 618 3751 Wintoniensis
637 3708 713 3752 cum
733 3687 914 3772 conjudice
935 3708 998 3752 suo
1018 3687 1239 3771 Pandulpho,
1254 3690 1317 3754 ba·

365 3805 468 3850 rones
490 3785 630 3869 Angliae
653 3807 784 3865 omneS,
807 3789 867 3870 qui
890 3808 1006 3870 regem
1027 3808 1048 3852 a
1072 3807 1179 3870 regno
1200 3789 1317 3872 depel-

364 3885 435 3951 lere
463 3887 705 3965 moliebantur,
739 3889 1058 3953 excommunicatos
1098 3888 1317 3968 denuntians,

364 3986 510 4067 singulis
533 3986 652 4050 diebus
676 3988 867 4052 Dominicis
895 3996 930 4052 et
953 3987 1087 4054 festivis
1109 3989 1217 4053 latam
1240 4010 1319 4055 sen-

366 4232 373 4244 ·
400 4161 623 4281 ¹Sluaspendnant]
640 4163 694 4214 The
711 4165 773 4214 form
785 4165 815 4214 ot'
827 4167 869 4216 tho
887 4171 1004 4216 sentence
1021 4168 1044 4216 is
1061 4167 1161 4230 printed
1177 4168 1203 4218 in
1216 4169 1320 4232 Rymer,

365 4247 383 4282 1.
393 4246 419 4293 p.
483 4269 489 4283 .
