2858 4876
316 377 382 442 240
572 391 706 440 nocnnr
735 393 782 439 uu
808 391 1010 441 wunnovnn

154 570 275 609 nunu
317 552 424 616 etsie
449 552 641 634 indignatio
669 552 745 635 ejus
769 551 1022 635 aliquantulum
1047 549 1268 633 conquievit;

318 659 543 716 veruntamen
563 653 773 717 Eustachius
791 651 898 716 Vesci
918 659 954 715 et
969 651 1144 715 Robertus
1162 649 1269 712 tilius-

318 753 478 829 Walteri,
496 752 538 816 de
555 753 749 835 proditione
767 758 957 816 memorata
971 751 1125 815 accusati
1142 756 1178 813 et
1194 749 1268 830 regi

317 851 419 914 nimis
441 853 606 935 suspecti,
624 859 841 916 recesserunt
856 852 900 914 ab
916 848 1059 932 Anglia,
1084 849 1268 912 Eustachi-

317 970 358 1014 us
380 951 542 1017 videlicet
563 953 599 1033 ip
623 952 788 1027 Scotiam,
804 957 840 1016 et
862 950 1040 1015 Robertus
1065 949 1109 1013 ad
1131 947 1269 1013 Gallias

316 1050 537 1119 divertentes.

474 1226 523 1291 De
537 1226 635 1291 Petro
646 1224 793 1291 bannito
810 1231 838 1290 et
853 1222 918 1310 ey'as
925 1222 1103 1311 propitatio.

154 1360 259 1450 {3353
269 1361 293 1400 of
376 1351 449 1414 Sub
464 1351 532 1414 hiis
549 1370 685 1432 quoque
699 1349 820 1413 diebus
836 1350 961 1413 eratin
979 1346 1157 1431 provincia
1173 1347 1266 1412 Ebo-

152 1461 236 1500 hermit·
316 1451 450 1514 rocensi
465 1451 633 1514 heremita
647 1448 800 1532 quidam,
812 1443 821 1480 ¹
831 1449 959 1514 Petrus
975 1448 1124 1526 nomine,
1136 1448 1210 1531 qui,
1226 1468 1267 1513 eo

314 1550 407 1631 quod
438 1550 556 1613 multis
586 1549 704 1613 futura
737 1550 846 1613 multa
875 1548 1097 1631 praedixerat,
1126 1548 1267 1630 sapiens

314 1649 515 1730 dicebatur;
542 1649 598 1713 hic
619 1648 710 1712 inter
729 1649 810 1726 alia,
828 1668 907 1730 quae
929 1649 1052 1730 spiritu
1075 1649 1266 1730 prophetiae

313 1754 429 1812 tactus
448 1749 583 1813 viderat
598 1749 641 1812 de
656 1768 738 1830 rege
752 1747 947 1830 Anglornm
959 1748 982 1812 J
986 1748 1133 1825 ohanne,
1148 1747 1266 1830 palam

313 1848 447 1912 cunctis
462 1856 498 1914 et
506 1849 642 1932 publice
658 1849 846 1924 asserebat,
859 1847 952 1930 quod
965 1867 1034 1912 non
1045 1847 1133 1911 foret
1152 1868 1215 1911 rex
1230 1849 1266 1913 in

313 1948 369 2012 die
384 1949 576 2013 Dominicae
596 1947 807 2014 ascensionis
830 1947 989 2030 proximo
1006 1949 1183 2031 sequentis
1201 1968 1266 2013 nec

313 2046 487 2131 deinceps,
509 2048 569 2112 sed
588 2049 645 2111 die
669 2048 730 2112 illo
752 2067 916 2112 coronam
931 2045 1070 2128 Angliae
1092 2048 1137 2111 ad
1157 2048 1264 2113 alium

313 2148 493 2212 transferri
510 2148 684 2230 praedixit.
725 2146 835 2232 Cujus
852 2148 998 2212 assertio
1015 2166 1092 2211 cum
1109 2146 1153 2210 ad
1172 2149 1265 2230 regis

313 2248 473 2312 notitiam
484 2247 691 2324 devenisset,
705 2254 752 2323 et,
764 2247 842 2330 ipso
855 2247 1012 2332 jubente,
1023 2246 1067 2311 ad
1082 2246 1158 2330 ejus
1173 2267 1264 2329 prae·

313 2347 460 2411 sentiam
483 2346 652 2412 adductus
670 2346 804 2425 fnisset,
826 2346 988 2429 quaesivit
1004 2348 1048 2410 ab
1070 2366 1112 2410 eo
1134 2366 1210 2425 rex,
1233 2348 1265 2411 si

312 2445 367 2511 die
389 2447 450 2511 illo
472 2453 566 2512 esset
589 2447 789 2524 moriturus,
805 2447 861 2511 vel
884 2465 953 2528 quo
976 2446 1094 2511 ordine
1118 2465 1140 2510 a
1164 2446 1264 2528 regni

312 2545 400 2611 solio
423 2547 641 2629 privaretur3
665 2547 725 2628 qui
747 2546 937 2628 respondit,
959 2544 1165 2610 ‘Noveritis
1188 2566 1264 2611 cer·

312 2645 457 2724 tissime,
472 2648 565 2729 quod
581 2646 636 2710 die
652 2644 818 2728 praedicto
835 2664 898 2709 rex
914 2665 983 2709 non
997 2645 1084 2726 eris;
1111 2652 1159 2723 et,
1174 2647 1205 2710 si
1220 2647 1263 2711 de

311 2744 490 2809 mendacio
504 2746 682 2811 convictus
704 2746 815 2821 fuero,
838 2744 881 2809 de
903 2765 957 2809 me
979 2745 1070 2829 qnod
1094 2745 1265 2827 placuerit

311 2842 471 2908 faciatis.’
502 2844 568 2910 Cui
583 2865 658 2922 reX,
675 2851 685 2880 ‘
700 2844 802 2923 Fiat:
817 2845 943 2927 inquit,
958 2845 1166 2909 ‘secundum
1183 2867 1263 2911 ver·

310 2944 391 3006 bum
412 2944 533 3008 tuum.'
588 2944 689 3008 Tunc
715 2964 777 3008 rex
802 2943 946 3008 tradidit
967 2944 1065 3008 illum
1085 2945 1263 3012 Willelmo

309 3042 352 3105 de
377 3042 554 3109 Harecurt
578 3043 862 3122 custodiendum;
893 3062 995 3125 quem
1018 3042 1108 3107 idem
1125 3044 1263 3110 Willel-

310 3161 387 3206 mus
400 3143 600 3208 custodibus
611 3150 646 3207 et
654 3143 802 3208 vinculis
817 3143 1022 3207 arctioribus
1036 3143 1261 3209 constrictum

309 3241 400 3323 apud
419 3242 568 3308 Corvum
588 3243 826 3320 incarceravit,
844 3243 953 3307 donec
975 3245 1138 3325 probaret
1156 3263 1260 3328 quem

309 3341 442 3405 exitum
456 3362 512 3406 res
526 3342 681 3407 baberet.
733 3341 836 3422 Quod
852 3344 994 3407 verbum
1018 3342 1054 3406 in
1077 3344 1175 3407 brevi
1197 3365 1261 3427 per

308 3447 458 3505 remotas
483 3441 679 3524 provincias
705 3442 756 3506 ita
780 3442 1039 3507 disseminatum
1069 3449 1132 3518 est,
1164 3446 1259 3525 quod

308 3539 380 3603 fere
402 3560 533 3619 omues,
559 3542 618 3624 qui
637 3541 703 3606 boc
726 3542 922 3618 audierunt,
944 3541 1044 3607 dictis
1070 3540 1147 3625 ejus
1170 3545 1261 3610 adeo

307 3639 408 3702 tidem
435 3640 678 3718 adhibuerunt,
699 3661 740 3706 ae
764 3642 795 3704 si
819 3641 965 3706 assertio
987 3641 1081 3705 illins
1104 3641 1147 3705 de
1172 3645 1259 3709 caelo

307 3741 492 3804 sonuisset.
544 3740 655 3804 Erant
678 3742 818 3824 insuper
841 3741 907 3806 hae
930 3748 1136 3827 tempestate
1158 3744 1259 3809 multi

307 3839 439 3903 nobiles
462 3840 498 3904 in
520 3860 629 3922 regno
645 3839 798 3922 Angliae,
823 3860 969 3924 quorum
991 3861 1054 3904 rex
1077 3861 1206 3906 uxores
1223 3853 1258 3908 et

305 3937 394 4002 filias
408 3939 478 4004 illis
494 3941 791 4004 murmurantibus
814 3947 1056 4024 oppresserat;
1079 3940 1149 4018 alii,
1168 3962 1259 4024 quos

375 4109 382 4141 ¹
394 4113 484 4164 Petras
495 4115 611 4178 nomina]
631 4115 639 4143 ‘
653 4116 746 4165 Petrus
758 4115 790 4164 de
802 4110 989 4175 Ponteiracto;'
1008 4113 1176 4178 Ooggoshale.
