2858 4876
289 372 374 464 '386
503 410 636 459 uocum
661 411 708 459 un
733 411 953 471 wnunovsu‚
978 412 1057 459 nrc.

150 591 203 631 un.
213 592 269 631 un.
310 572 462 636 delatum
478 577 544 646 est,
567 570 652 634 etin
674 570 819 634 ecclesia
833 568 1023 633 cathedrali
1039 570 1082 633 ab
1100 570 1263 651 episcopo

308 673 375 737 loci
400 670 586 759 honorifice
612 670 830 734 tumulatum.
883 669 1054 752 Tempore
1080 689 1164 735 vero
1191 689 1261 751 quo

308 771 401 855 apud
419 771 454 835 N
455 791 567 835 ewerc
580 771 670 835 idem
686 790 750 834 rex
772 770 858 834 mori
879 770 1075 852 incipiebat,
1087 779 1257 834 venerunt

306 872 446 936 adeum
468 870 593 935 ibidem
613 871 724 934 nuntii
748 869 965 954 quorundam
985 872 1154 934 baronum
1179 869 1255 933 An-

307 972 387 1054 gliae
404 971 540 1035 circiter
561 971 793 1054 quadraginta
815 991 893 1034 cum
916 971 1037 1047 literis,
1060 972 1120 1052 qui
1137 971 1256 1034 volue-

307 1079 389 1136 runt
400 1072 442 1136 ad
460 1090 580 1154 pacem
597 1073 689 1153 regis
705 1070 835 1150 redire;
859 1069 920 1134 sed
935 1071 1019 1152 ipsc,
1038 1071 1074 1133 in
1091 1071 1256 1134 extremis

306 1191 425 1253 agens
443 1170 496 1234 his
510 1180 593 1235 tnnc
610 1191 748 1253 operam
765 1171 848 1234 dare
864 1191 934 1234 non
951 1171 1078 1253 potuit.
1131 1171 1254 1252 Epita-

306 1271 425 1355 phium
449 1291 531 1335 vero
560 1279 595 1335 et
619 1272 807 1354 sepulturae
832 1271 908 1355 ejus
930 1271 1255 1354 superscriptionem

306 1372 445 1454 quidam
459 1372 652 1453 composuit
664 1371 699 1434 in
716 1372 790 1435 haec
806 1373 912 1436 verba
927 1391 936 1450 ;

367 1520 377 1546 ‘
388 1513 455 1570 Hoc
467 1514 497 1570 in
512 1513 686 1591 sarcophago
701 1513 835 1591 sepelitur
848 1513 925 1589 regis
939 1513 1043 1589 imago,

386 1610 444 1674 Qui
456 1611 580 1668 moriens
594 1611 716 1668 multum
729 1609 839 1668 sedavit
851 1611 881 1666 in
895 1610 963 1666 orbe
977 1610 1144 1668 tumultum.

387 1705 476 1764 Hune
487 1707 563 1764 mala
576 1716 640 1785 post
652 1716 775 1765 mortem
786 1707 874 1764 timor
883 1715 971 1764 estne
982 1706 1043 1764 fata
1056 1715 1218 1784 sequantur.

386 1803 445 1868 Qui
457 1804 529 1880 legis
544 1804 618 1874 haen,
631 1813 759 1862 metuens
774 1804 842 1862 dum
856 1805 947 1862 cernis
960 1813 990 1861 te
1003 1805 1180 1874 moriturum,

387 1899 508 1958 Discute
520 1901 589 1978 quid
602 1920 698 1959 rerum
712 1902 803 1980 pariat
815 1902 867 1959 tibi
881 1910 956 1958 meta
970 1901 1100 1958 dierum!

308 2034 484 2116 Regnavit
507 2044 624 2101 autem
646 2056 708 2100 rex
728 2036 752 2100 J
754 2037 909 2101 ohannes
932 2040 1032 2103 annis
1055 2041 1259 2119 octodecim,

306 2136 482 2199 mensibus
499 2135 650 2219 quinque
667 2145 702 2202 et
718 2137 839 2202 diebus
857 2146 1015 2222 quatuor.

650 2937 745 2986 turus
771 2939 849 2984 VOL.
875 2939 929 2986 111.

727 4057 830 4092 [0ΝοοΝ
837 4061 844 4094 2

573 4141 686 4177 numm
703 4140 736 4175 tt!
754 4141 858 4177 struunt,
876 4144 1003 4190 mcccv,

642 4207 727 4257 uanior
735 4208 817 4258 Hense,
826 4209 880 4250 thoe
888 4211 953 4252 Leuc.
