2858 4876
428 396 567 445 neonus
591 398 857 447 nrsronrsaom.
1073 386 1116 448 71

168 549 319 711 ludendo
345 553 533 634 aggressus
561 554 677 631 fuerit,
708 555 786 618 aliis
818 555 1027 618 narrandum
1056 556 1117 620 de-
1129 571 1183 611 ω.
1194 573 1273 612 11⁹³.¹

168 667 205 710 re
219 668 337 730 inquo.

169 816 319 896 amodo
335 817 503 903 imperator
515 813 617 904 'rmore
630 819 829 886 abiaram
847 821 883 885 ia
901 820 1007 886 maltis
1023 843 1115 902 acca

252 917 379 994 severit,
394 925 422 982 et
435 917 580 1003 qaoaodo
594 937 648 982 rea
655 919 829 1003 prudenter
844 919 1040 1004 responderit.

173 1083 178 1091 .
218 1030 427 1119 Imperator¹
448 1044 564 1101 autem
584 1039 711 1102 iratum
729 1041 880 1103 animum
904 1059 945 1104 ac
963 1039 1111 1105 ferocem
1123 1062 1248 1113 mamas

167 1141 288 1197 contra
309 1155 426 1216 regom
448 1135 578 1200 diutius
603 1138 787 1220 praeferens
809 1139 1008 1202 nullatenus
1032 1159 1110 1203 enm
1122 1111 1266 1219 {diff

167 1233 203 1296 in
232 1235 418 1314 praesentia
446 1253 512 1298 sua
534 1254 725 1300 convocare
754 1237 810 1301 vel
837 1237 968 1318 alloqui
989 1237 1111 1319 digna
1123 1212 1222 1251 mm

167 1332 281 1408 batur,
303 1332 386 1414 quia
402 1332 515 1415 ipsum
536 1333 573 1396 in
594 1334 750 1414 pluribus
769 1341 892 1398 contra
913 1354 952 1398 se
970 1343 1006 1399 et
1027 1355 1110 1400 suos

167 1429 321 1510 graviter
356 1430 541 1512 deliquisse
577 1439 787 1514 conquestus
820 1439 885 1508 est,
918 1433 1110 1497 calumnias

166 1528 293 1592 multas
327 1529 438 1593 eidem
463 1529 538 1611 regi
565 1530 791 1611 praetendens.
842 1529 997 1594 Tandem
1029 1531 1111 1596 binc

165 1625 243 1692 inde
265 1626 494 1691 mediantibus
512 1629 642 1705 amicis,
660 1636 695 1692 et
711 1621 903 1710 ²preecipne
922 1627 1108 1705 N.,Cluni-

166 1725 282 1788 acensi
299 1726 438 1803 abbate,
451 1732 486 1789 et
501 1725 689 1804 Willelmo,
704 1728 798 1809 regis
814 1726 1031 1803 cancellario,
1047 1728 1109 1790 im·

165 1830 315 1904 perator,
332 1825 530 1888 convocatis
552 1825 735 1907 episcopis,
757 1826 903 1891 ducibus
924 1833 960 1890 et
974 1826 1109 1889 comiti·

165 1922 232 1985 bus
252 1923 337 1999 suis,
360 1941 476 2002 regem
503 1922 540 1985 in
568 1924 789 2004 praesentiam
818 1942 916 1988 snam
947 1926 1111 1989 accersiri

160 2019 280 2102 jussit,
301 2038 448 2101 eumque
471 2020 508 2083 in
532 2020 689 2101 pluribus
715 2022 871 2085 articulis
893 2040 1009 2087 coram
1034 2043 1113 2087 om·-

165 2118 264 2182 nibus
289 2118 479 2181 accusavit.
530 2116 733 2198 Inprimis,
760 2118 905 2195 scilicet,
931 2120 1023 2202 quod
1045 2140 1108 2202 per

165 2214 240 2296 ejus
272 2215 454 2279 consilium
483 2222 519 2280 et
546 2215 715 2279 auxilium
745 2234 890 2296 regnum
917 2216 1043 2281 Siciliae
1071 2224 1109 2280 et

65 2322 67 2326 '
165 2311 318 2393 Apuliae,
342 2312 435 2394 quod
461 2313 527 2377 sibi
554 2313 634 2395 Jnre
666 2312 884 2378 haereditario
908 2314 1108 2390 debebatur,

164 2409 327 2475 defuncto
349 2430 431 2491 rege
446 2410 634 2488 Willelmo,
654 2412 829 2492 amiserit;
856 2431 1009 2494 proquo
1034 2411 1108 2474 adi·

164 2508 328 2590 piscando
350 2509 540 2573 exercitum
568 2511 831 2592 permaximum,
856 2509 939 2573 data
962 2510 1109 2591 pecunia

162 2607 311 2684 infinita,
327 2607 553 2685 conduxerat,
570 2626 648 2672 cum
667 2608 756 2672 idem
771 2627 834 2671 rex
852 2607 919 2671 sibi
937 2607 1107 2671 auxilium

165 2706 400 2787 praestiturum
429 2705 577 2770 fideliter
610 2705 862 2787 spopondisset,
890 2712 931 2770 ut
960 2725 984 2770 a
1012 2705 1107 2769 Tan·

164 2804 266 2869 credo
286 2823 431 2884 regnum
453 2803 538 2866 illud
560 2803 742 2869 obtineret.
796 2804 929 2868 Deinde
943 2812 1109 2869 causatur

165 2902 208 2966 de
221 2903 428 2983 imperatore
442 2896 561 2984 Cypri,
576 2903 636 2982 qui
658 2902 690 2965 ei
712 2901 879 2966 affinitate
900 2903 1108 2986 conjunctus

164 2999 290 3076 fuerat,
312 2998 405 3082 quod
430 3018 507 3064 eum
532 3000 661 3082 injuste
685 3001 729 3064 ab
748 3001 892 3082 imperio
914 3000 1054 3082 ejecerit
1072 3008 1108 3064 et

165 3098 329 3165 carcerali
357 3097 525 3164 custodiae
554 3098 784 3180 deputaverit,
816 3106 851 3161 et
877 3106 1003 3162 terram
1031 3098 1107 3180 ejus

165 3217 243 3260 cum
259 3196 428 3264 thesauris
443 3195 612 3261 violenter
630 3196 798 3260 invaserit
816 3203 852 3260 et
870 3197 1018 3260 insulam
1034 3197 1107 3259 cui·

165 3295 245 3361 darn
268 3296 380 3360 alieno
402 3294 604 3361 vendiderit.
651 3292 877 3357 Postmodum
893 3313 975 3358 vero
994 3295 1108 3375 ipsum

165 3393 341 3459 accusavit
362 3394 405 3459 de
428 3400 538 3458 morte
559 3392 733 3458 marchisii
755 3393 798 3456 de
821 3391 1108 3457 Monte-Ferrato

165 3491 310 3555 haeredis
330 3492 396 3569 sui,
418 3491 510 3574 quod
526 3492 686 3557 videlicet
705 3510 768 3572 per
786 3490 862 3574 ejus
879 3489 1107 3572 proditionem

79 3616 84 3631 r
164 3597 199 3652 et
226 3589 514 3653 machinationem
541 3583 603 3653 ³ab
627 3587 795 3653 Assisinis
821 3595 1017 3670 peremptus
1041 3589 1107 3666 sit3

163 3707 250 3769 quos
272 3688 375 3751 etiam
392 3687 534 3750 miserat
551 3687 595 3750 ad
617 3687 850 3769 perimendum
867 3705 983 3767 regem
999 3686 1110 3748 Fran·

164 3779 281 3849 corum
315 3785 488 3849 dominum
517 3803 628 3860 suum,
662 3785 719 3848 cui
746 3785 875 3848 nullam
907 3784 1108 3847 fidelitatem

200 3930 377 3996 ¹Imperator.]
395 3935 562 3996 Coggeshale,
573 3936 621 3984 col.
648 3934 730 3998 bata]
746 3936 899 3996 ‘Praecipue
916 3936 1006 3984 abbate
1021 3934 1108 3983 Cluui·

164 4007 229 4062 88³3
246 4017 361 4063 compare
373 4003 504 4067 Hoveden,
515 4020 541 4066 p.
553 4007 610 4054 726.
647 4001 893 4135 αοζῐιέίέᾏίεῗὶιῗίπὺ]
911 4072 968 4125 ‘Ab
981 4072 1081 4125 Reginis
1091 4068 1107 4099 a

198 4137 342 4202 ²Proecipue
356 4141 568 4201 N.,Cluainceasi
581 4140 622 4190 αὔ·
652 4143 682 4191 C.
873 4106 881 4123 ο
1090 4105 1099 4132 ’
