2858 4876
427 421 567 469 nnonns
590 420 859 470 ursromnnuu,
1047 408 1112 472 331

261 651 304 715 Ut
317 672 371 714 rec
383 649 540 715 Iohannes
554 651 694 732 Roffeosc
708 660 844 716 castrum
862 649 1018 716 obsederit.

214 773 383 858 Cumque,
409 782 450 839 ut
472 775 603 838 dictum
628 783 693 853 est,
715 775 913 840 Willelmus
942 776 984 839 de
1007 776 1114 840 Albe·
1126 801 1182 862 μ).
1193 803 1250 841 1215.

163 875 240 938 neio
257 882 292 938 et
310 868 411 939 ¹socii
429 875 631 957 praedictum
651 883 803 939 castrum
820 876 967 939 fuissent
982 876 1113 957 ingres·
1126 853 1242 942 illitis

162 975 204 1050 si,
227 995 290 1038 rex
306 974 501 1056 Anglorum
519 975 542 1038 J
545 975 710 1052 ohannes,
729 983 808 1056 post
825 977 929 1039 trium
944 977 1113 1040 mensium
1126 953 1198 992 Μ

163 1093 307 1151 moram,
316 1095 361 1138 ex
372 1075 486 1140 Vecta
498 1094 724 1158 prorumpens
738 1069 924 1138 insula²ad
937 1075 1113 1139 Doveram

164 1193 273 1255 usque
295 1175 486 1257 navigavit,
513 1176 572 1238 ubi
590 1175 665 1258 ejus
683 1175 806 1251 nuntii,
823 1194 910 1257 quos
929 1175 972 1239 ad
995 1183 1113 1257 partes

164 1274 306 1337 miserat
323 1273 582 1351 transmarinas,
599 1274 642 1337 ad
665 1294 743 1337 eum
759 1275 937 1339 venientes
960 1276 1112 1338 condux-

163 1380 265 1436 erunt
281 1392 398 1439 secum
416 1394 460 1437 ex
477 1375 635 1456 partibus
651 1373 798 1438 diversis
815 1381 948 1438 tantam
967 1375 1113 1438 militum

164 1479 199 1536 et
219 1482 429 1537 armatorum
455 1474 723 1550 multitudinem,
751 1475 844 1556 quod
869 1475 1028 1539 omnibus
1054 1495 1113 1538 eos

162 1572 375 1637 intuentibus
392 1573 550 1637 timorem
569 1574 699 1655 pariter
717 1581 752 1637 et
768 1574 941 1638 horrorem
960 1575 1113 1637 incusse-

163 1679 256 1736 runt.
309 1673 492 1737 Venerunt
510 1693 556 1736 ex
578 1673 734 1757 partibus
761 1673 930 1737 Pictaviae
954 1681 990 1737 et
1009 1675 1113 1737 Was-

164 1771 274 1836 coniae
304 1773 371 1838 viri
403 1773 536 1837 nobiles
566 1781 601 1836 et
630 1773 826 1850 bellatores,
859 1773 1044 1837 Savaricus
1071 1775 1114 1837 de

165 1871 389 1950 Malo-leone,
416 1872 608 1937 Gaufridus
626 1879 661 1936 et
681 1872 855 1937 Oliverius
876 1873 918 1936 de
936 1873 1114 1936 Butevilla

163 1972 301 2049 fratres,
332 1973 495 2037 maximis
528 1972 675 2036 militurn
704 1981 740 2036 et
761 1979 972 2036 armatorum
1004 1972 1113 2054 copiis

163 2072 332 2149 comitati,
354 2081 389 2137 et
413 2073 513 2137 fidele
538 2073 613 2154 regi
637 2072 839 2154 obsequium
861 2072 1112 2154 promiserunt3

163 2179 333 2235 venerunt
355 2174 461 2237 etiam
483 2192 529 2236 ex
553 2172 750 2254 regionibus
776 2172 943 2236 Levaniae
965 2179 1000 2236 et
1024 2172 1112 2234 Bra·

164 2271 360 2336 bantiorum
398 2274 465 2336 viri
505 2272 744 2349 strenuissimi,
775 2271 954 2336 Walterns
1000 2271 1113 2349 Buck,

165 2370 342 2435 Gerardus
362 2372 405 2436 de
430 2371 591 2436 Soceinni
617 2379 653 2435 et
670 2371 936 2448 GodesohalluS,
958 2391 1036 2434 cum
1051 2372 1112 2434 tri-

164 2472 228 2534 bus
252 2477 461 2536 armatorum
487 2480 523 2536 et
544 2472 799 2535 balistariorum
823 2472 1029 2553 legionibus
1052 2472 1112 2553 qui

158 2558 249 2635 'nihil
264 2572 381 2654 potius
396 2591 499 2654 quam
514 2571 701 2634 humanum
717 2573 921 2652 sanguinem
933 2571 1112 2650 sitiebant3

165 2671 380 2735 advenerunt
404 2678 573 2755 praeterea
604 2672 648 2734 ad
681 2672 810 2735 dictum
844 2689 960 2752 regem
986 2671 1028 2739 de
1058 2690 1112 2733 re-

163 2771 266 2852 gione
291 2771 553 2835 Flandrensium
574 2779 610 2835 et
630 2771 775 2834 aliarum
800 2771 979 2852 regionum
999 2776 1112 2833 trans·

164 2871 373 2934 marinarum
393 2890 512 2936 omnes
535 2871 595 2953 qui
618 2871 731 2934 aliena
753 2870 966 2952 aspirabant,
989 2877 1024 2933 et
1040 2871 1114 2952 regi

164 2969 347 3053 desperato
381 2989 479 3053 spem
516 2969 697 3034 resistendi
735 2970 923 3033 maximam
960 2970 1115 3051 praebue-

163 3078 256 3134 runt.
310 3070 390 3134 Rex
419 3071 565 3153 denique
591 3070 614 3133 J
617 3070 782 3146 ohannes,
805 3089 883 3132 cum
900 3069 1112 3133 Willelmum
1215 3103 1218 3109 ·

164 3169 207 3233 de
227 3169 396 3234 Albeneio
417 3178 452 3234 et
470 3170 545 3254 ejus
566 3171 678 3234 socios
704 3168 868 3233 Roffense
891 3168 1114 3250 municipium

164 3269 339 3350 ingressos
359 3271 560 3352 accepisset,
577 3289 655 3333 cum
677 3268 771 3332 omni
788 3268 1008 3332 multitudine
1024 3288 1113 3350 prae·

165 3369 258 3432 dicta
273 3369 355 3432 illuc
371 3371 468 3434 ocius
487 3369 640 3446 advolat,
657 3377 704 3444 et,
721 3363 793 3432 ³die
810 3368 912 3432 tertio
929 3376 1113 3449 postquam

164 3476 315 3531 castrum
339 3470 487 3551 ingressi
512 3475 606 3546 sunt,
628 3468 777 3532 obsessis
797 3468 946 3532 exeundi
966 3467 1112 3532 faculta-

199 3647 304 3714 ¹Sorii.]
312 3651 437 3712 Reginald
443 3652 475 3701 de
480 3650 626 3712 Comhulle,
651 3650 710 3712 help
729 3651 809 3713 might
818 3651 894 3700 reach
905 3652 947 3700 the
959 3653 1038 3701 castle
1049 3652 1113 3701 from

163 3720 276 3769 William
285 3721 317 3770 de
326 3721 471 3783 Amesford,
482 3725 545 3782 etc.;
559 3720 626 3782 Cog-
653 3720 769 3783 London;
794 3723 838 3770 but
853 3737 909 3770 was
925 3722 1012 3772 driven
1029 3724 1067 3770 off
1079 3723 1113 3783 by

162 3790 275 3853 geshale,
286 3806 312 3852 p.
325 3795 382 3841 109.
652 3791 746 3840 Robert
775 3792 948 3852 Fila-Walter,
977 3793 1112 3854 ‘pluribus

199 3858 257 3909 Ἦ
269 3862 389 3910 Deberem
397 3875 469 3924 aeque
478 3860 626 3924 nauigauit]
651 3876 683 3910 ex
694 3866 765 3923 parte
774 3863 842 3924 regis
853 3863 998 3923 submersis,
1008 3862 1049 3911 vel
1057 3862 1112 3910 vul·

166 3931 209 3980 He
221 3945 331 3991 appears
342 3936 367 3979 to
378 3931 442 3980 have
453 3931 563 3979 reached
575 3931 628 3980 Do·
652 3933 754 3992 noratis,
761 3933 801 3980 vel
811 3926 919 3981 occisis?
955 3931 997 3979 On
1005 3931 1047 3979 the
1056 3936 1112 3991 part

166 4017 209 4050 ver
221 4015 253 4048 on
261 4001 305 4049 the
316 4002 369 4049 first
379 3999 408 4048 oi
416 4000 458 4048 the
470 4002 573 4063 month;
586 4015 628 4050 see
652 4001 681 4049 oi
691 4001 733 4050 the
749 4002 840 4050 barone
851 4016 918 4049 were
934 4001 1012 4049 taken
1024 4000 1112 4048 Oliver

165 4072 225 4119 Pal.
237 4071 318 4130 Rolls,
329 4086 356 4132 p.
370 4075 426 4130 154,
437 4071 485 4119 col.
500 4075 522 4120 l.
653 4071 809 4133 d’Argeotan
832 4071 882 4120 and
900 4070 986 4118 David
1003 4070 1113 4130 Giffard‚

203 4137 268 4188 'Die
280 4138 373 4200 tertio]
395 4141 437 4188 He
448 4141 501 4188 first
513 4144 629 4201 attempt·
654 4141 695 4188 the
712 4141 803 4189 former
819 4141 847 4190 of
860 4140 952 4202 whom,
969 4139 1033 4189 aiter
1043 4139 1112 4188 three

164 4209 196 4258 ed
217 4215 242 4258 to
264 4210 329 4259 burn
348 4210 389 4258 the
408 4210 507 4272 bridge,
523 4209 578 4258 that
596 4224 628 4257 no
654 4206 727 4270 days’
740 4211 841 4273 famine,
852 4211 885 4271 by
894 4211 965 4260 leave
978 4210 1006 4259 of
1014 4210 1055 4259 the
1068 4211 1112 4258 ba-
