2858 4876
353 376 419 447 128
610 394 744 442 nonani
769 395 816 442 nn
840 395 1047 444 wnunovnn

202 566 315 608 Amlai-
354 551 532 630 troduxit3
558 558 605 630 et,
623 552 787 634 quoniam
805 551 900 635 prior
918 552 1012 616 illius
1030 552 1111 630 loci,
1126 552 1304 616 monachis

353 652 605 728 exsulantibus,
622 651 804 715 defunctus
821 652 948 730 fuerat,
965 652 1120 735 praefecit
1140 653 1189 716 cis
1209 653 1305 734 prio·

352 770 424 816 rem
440 752 577 816 nomine
590 751 614 814 J
617 751 798 828 aibertum,
815 753 956 816 natione
975 751 1230 828 Normannum,
1245 752 1304 833 qui

351 858 493 934 propter
508 851 729 915 eminentiam
746 851 939 934 prudentiae
956 852 1122 915 secularis
1139 859 1211 915 tres
1234 852 1305 934 pri·

351 958 483 1027 oratus,
509 951 551 1014 de
578 950 750 1016 Davintre
776 957 812 1014 ct
833 951 875 1014 de
891 951 1058 1016 Weneloc
1085 958 1120 1016 et
1145 952 1188 1016 de
1212 950 1304 1015 Gon-

350 1051 518 1126 ventreia,
541 1056 742 1133 susceperat
765 1050 808 1113 ad
831 1051 1029 1132 regendum,
1053 1049 1114 1133 qui
1138 1050 1303 1115 continuo

350 1148 594 1213 cumconsilio
620 1148 865 1214 monachorum
889 1151 932 1214 de
954 1151 1121 1214 electione
1149 1151 1303 1233 episcopi

350 1255 502 1313 tractare
528 1249 709 1331 incipiens,
736 1251 907 1313 communi
935 1248 1182 1314 deliberatione
1206 1248 1300 1312 Gau-

349 1348 475 1413 sridum
492 1348 534 1411 de
550 1348 757 1431 Muschamp
774 1349 962 1430 elegerunt.
987 1349 1117 1413 Eodem
1135 1356 1301 1431 tempore,

349 1455 486 1512 mortuo
503 1448 617 1531 priore
637 1448 679 1512 de
698 1447 980 1524 Bermundcseia,
998 1449 1191 1526 Hubertus,
1209 1447 1301 1520 Gan7

348 1548 533 1612 tuariensis
558 1547 848 1631 archiepiscopus,
873 1557 913 1611 ut
935 1547 958 1612 J
961 1549 1084 1613 oiberti
1111 1547 1302 1631 supradicti

350 1647 506 1712 avaritiae
523 1647 751 1726 satisfaceret,
767 1648 876 1712 tribus
893 1648 1102 1731 prioratibus
1120 1648 1193 1713 suis
1209 1647 1301 1719 hune

350 1753 510 1829 quartum
529 1747 667 1831 adjecit.

461 1933 510 1996 De
522 1930 743 1995 consecratione
758 1931 951 2016 quorundum
966 1932 1186 2016 episcoporum,

188 2047 312 2149 {iffi}
394 2046 565 2111 Peridem
578 2040 1301 2129 tempus,¹D0minicaquacantatur‘Lae-

349 2154 425 2212 tare
435 2146 681 2222 Hierusalem,'
692 2146 913 2222 Eustachius,
926 2145 1188 2211 Saresbiriensis
1199 2146 1302 2222 deca,-

350 2266 428 2324 nuS,
451 2245 600 2309 Eliensis
622 2247 843 2328 episcopatus
875 2258 1006 2308 munus
1032 2245 1300 2309 consecrationis

350 2346 503 2428 suscepit
528 2364 591 2427 per
611 2364 751 2407 manum
767 2344 937 2420 'Huberti,
962 2343 1223 2409 Cantuariensis
1246 2362 1302 2416 ar,-

350 2443 572 2528 chiepiscopi,
604 2444 696 2525 apud
724 2444 1071 2508 Westmonasterium
1101 2445 1137 2507 in
1167 2444 1301 2526 capella

350 2552 480 2611 sanctae
497 2542 713 2610 Katherinae.
765 2541 900 2607 Deinde
919 2542 1121 2620 Gaufridus,
1139 2543 1300 2608 Conven-

350 2645 475 2711 trensis
497 2643 640 2719 electuS,
662 2644 707 2706 ab
730 2642 849 2706 eodem
873 2642 1131 2726 archiepiscopo
1149 2642 1301 2710 Cantuae
1355 2629 1359 2637 ¹

348 2745 410 2810 riae
441 2749 663 2809 consecratus
696 2749 748 2806 est
782 2743 962 2807 undecimo
995 2742 1162 2806 kalendas
1188 2743 1212 2808 J
1215 2743 1296 2820 ulii3

349 2864 418 2928 quo
438 2845 542 2908 etiam
559 2849 726 2925 tempore,
746 2842 823 2905 idus
847 2841 947 2918 Maii,
966 2842 1055 2923 pluit
1075 2841 1217 2924 sanguis
1236 2861 1298 2904 un-

348 2944 456 3009 datim
478 2962 582 3025 super
596 2941 806 3005 aedificantes
824 2941 946 3005 turrim
962 2942 1054 3024 apud
1070 2940 1299 3006 Andeliacum

348 3044 385 3107 in
408 3041 637 3118 Normannia,
664 3048 809 3104 mortem
835 3041 982 3105 fortasse
1015 3041 1107 3122 regis
1129 3040 1297 3105 Richardi

348 3141 555 3207 denuntians
577 3141 613 3204 in
633 3141 730 3205 brevi
753 3140 917 3205 futuram.
969 3139 1039 3204 His
1061 3141 1207 3222 denique
1228 3141 1298 3204 die·

340 3230 413 3306 ¹bus
436 3241 637 3318 Gaut'riduS,
656 3240 885 3304 Eboracensis
910 3240 1201 3323 archiepiscopus,
1223 3241 1297 3321 regi

348 3341 525 3406 Richardo
553 3347 589 3404 et
614 3340 713 3404 fratri
740 3360 803 3404 suo
832 3341 869 3404 in
898 3339 1114 3404 Normannia
1136 3339 1299 3423 pacifica·

347 3447 405 3504 tus
435 3446 508 3520 est3
545 3449 620 3504 erat
648 3441 738 3503 enim
771 3446 961 3504 commotus
983 3440 1020 3502 in
1049 3460 1127 3503 eum
1156 3447 1299 3523 propter

348 3540 574 3624 dejectionem
590 3539 770 3616 Willelmi,
794 3537 992 3603 cancellarii
1014 3539 1080 3616 sui,
1103 3539 1184 3602 dum
1206 3538 1298 3619 idem

347 3660 409 3707 rex
426 3641 471 3704 ab
487 3641 696 3723 imperatore
713 3640 750 3703 in
767 3639 915 3704 vinculis
932 3647 1135 3714 teneretur„
1204 3658 1207 3663 ·

388 3787 558 3868 Hiberas,
577 3789 813 3854 antaariensis
832 3789 1089 3876 archipiscopum,
1104 3787 1143 3854 ab
1159 3789 1254 3872 officio

622 3889 804 3973 justiciarii
818 3899 936 3953 amotus
952 3898 1004 3983 esi.

410 4004 513 4068 Circa
537 4005 611 4069 dies
634 4005 721 4068 istos
744 4006 897 4069 surrexit
918 4004 1089 4069 dissensio
1111 4008 1147 4068 et
1169 4004 1297 4088 iniqui-

342 4113 398 4169 tas
419 4105 509 4168 inter
526 4106 726 4189 episcopum
746 4102 1032 4169 cantuariensem
1050 4111 1086 4168 ct
1107 4104 1296 4189 monachos

532 4255 541 4287 ¹
551 4257 704 4321 Dominicis]
720 4256 774 4305 The
785 4255 869 4305 fourth
881 4257 986 4318 Sunday
996 4259 1023 4306 in
1035 4257 1109 4307 Lent.
