2858 4876
418 415 557 464 amans
580 414 851 463 uisromnanrr.
1041 396 1106 461 143

342 648 482 734 Quam
495 648 695 712 Francorum
709 646 923 713 micrdicitar.

205 767 276 834 Per
289 769 381 837 idem
395 779 532 855 tempus
548 766 693 837 1Petrus
707 773 750 836 de
767 773 901 855 Capua,
919 772 1107 837 cardinalis
1118 787 1241 878 rw

156 877 193 934 et
213 872 416 954 apostolicae
442 872 534 936 sedis
555 873 706 954 legatus,
728 893 873 955 regnum
893 839 1227 989 Francorumfflffn

156 971 220 1034 sub
240 971 425 1037 interdicto
441 972 609 1038 conclusit
623 979 766 1056 propter
780 973 974 1054 captionem
988 973 1106 1038 fratris
1200 964 1206 976 '

157 1069 255 1135 Petri
268 1071 312 1137 de
331 1072 452 1151 Duaii,
473 1071 736 1136 Cambraoensis
759 1072 884 1152 electi;
911 1073 985 1150 sed,
1007 1081 1106 1138 ante-

155 1189 259 1251 quam
272 1173 447 1236 sententia
460 1172 688 1246 relaxaretur,
705 1191 770 1236 rex-
789 1172 1001 1237 Francorum
1016 1193 1107 1256 prae-

156 1268 266 1334 satum
287 1272 435 1336 electum
456 1273 502 1335 ab
525 1271 619 1336 omni
642 1270 802 1336 custodia
821 1271 994 1337 liberavit
1039 1274 1108 1338 Eo-

157 1368 234 1433 dem
248 1390 385 1454 quoque
399 1379 554 1455 tempore
568 1371 658 1435 idem
680 1371 816 1454 legatus
834 1372 879 1436 ad
901 1392 1017 1454 regem
1033 1373 1109 1438 An-

156 1469 292 1550 glorum
313 1471 456 1536 veniens
480 1473 545 1536 sub
571 1490 677 1554 poena
700 1471 873 1536 interdicti
897 1473 1048 1555 rogavit,
1068 1481 1109 1538 ut

156 1568 354 1652 episcopum
380 1571 642 1649 Beluacensem,
666 1570 727 1654 qui
746 1571 821 1654 jam
848 1591 911 1654 per
934 1573 1108 1638 biennium

158 1669 222 1733 sub
242 1670 478 1735 crudelissima
502 1671 650 1735 carceris
674 1671 833 1736 custodia
852 1672 1011 1736 detentus
1033 1673 1108 1737 lue·

158 1775 225 1844 rat,
246 1769 390 1834 liberam
415 1771 618 1835 concederet
638 1770 813 1835 licentiam
840 1771 1008 1852 abeundi3
1036 1773 1108 1850 sed,

158 1869 321 1951 quoniam
334 1870 424 1934 idem
439 1872 622 1953 episcopus
636 1879 759 1935 contra
773 1871 903 1937 ordinis
926 1873 980 1936 sui
995 1871 1108 1954 digni-

159 1974 266 2033 tatem
289 1977 412 2052 captus
438 1970 552 2035 fuerat
577 1971 613 2035 in
638 1971 744 2034 armis
765 1977 806 2033 ut
829 1971 927 2035 miles
946 1972 1002 2036 vel
1025 1992 1109 2055 rup-

159 2068 280 2146 tarius,
296 2089 366 2134 non
383 2070 479 2152 prius
495 2077 549 2135 est
566 2070 661 2134 abire
676 2071 876 2153 permissus,
892 2069 1014 2148 donec,
1026 2065 1108 2136 'sex

159 2168 310 2233 millibus
333 2171 469 2252 argenti
494 2171 620 2246 marcis
641 2169 687 2236 ad
709 2170 844 2252 pondus
863 2170 1109 2252 sterlingorum

159 2269 348 2333 numeratis
362 2277 399 2334 et
413 2270 497 2335 fisco
516 2269 776 2346 commendatis,
799 2269 905 2350 regiae
929 2272 1108 2352 concupis·

160 2369 282 2433 cantiae
314 2369 504 2448 satisfecit3
538 2388 607 2453 quo
632 2368 739 2445 facto,
765 2368 901 2452 juravit
927 2369 1110 2452 episcopus

160 2476 381 2547 memoratus,
410 2470 502 2552 quod
531 2488 708 2551 nunquam
735 2470 771 2533 in
796 2469 871 2533 vita
895 2489 959 2533 sua
988 2477 1111 2535 contra

161 2566 379 2634 Christianos
395 2588 493 2634 arma
508 2576 671 2651 gestaret.

183 2739 225 2807 Ut
238 2750 322 2808 octar
334 2763 430 2807 coam
446 2741 548 2807 decim
556 2741 631 2827 soit
644 2741 726 2806 iuter
739 2740 879 2806 melcoma
895 2743 1098 2808 aaronem

311 2846 316 2855 '
524 2851 552 2905 ct
567 2841 737 2906 Dolensem,

211 2963 293 3030 Hoc
307 2984 400 3029 anno
417 2957 550 3029 ⁸decisa
572 2972 626 3029 est
640 2985 746 3030 causa
765 2963 1002 3030 vetustissima
1022 2965 1112 3030 inter
1123 2982 1221 3023 emma
1231 2982 1256 3022 a

160 3064 323 3129 ecclesias
357 3064 596 3131 Turonensem
625 3072 662 3128 et
690 3065 890 3141 Dolensem,
923 3065 1059 3143 Romae,
1089 3035 1231 3128 aillffl
1170 3132 1242 3172 mna

159 3182 252 3247 papa
266 3164 471 3229 Innocentio
486 3185 548 3248 per
569 3166 776 3229 sententiam
790 3163 1028 3245 diffinitivam3
1056 3185 1112 3229 er·
1123 3135 1191 3224 noi¹⁸

160 3263 378 3347 ohiepisoopo
394 3264 589 3329 Turonensi
610 3266 655 3328 ab
677 3266 838 3347 episcopo
860 3264 1006 3329 Dolensi
1029 3267 1111 3329 sub·

154 3361 344 3446 jectionem
367 3364 543 3446 exigente,
567 3372 603 3429 et
627 3365 790 3447 episcopo
808 3363 953 3428 Dolensi
972 3371 1110 3429 contra-

159 3461 308 3529 dicente.
357 3463 422 3529 Est
451 3471 566 3529 autem
595 3463 759 3530 Dolensis
790 3463 937 3528 ecclesia
967 3464 1110 3528 minoris

160 3562 353 3629 Britanniae
379 3564 592 3646 metropolin,
615 3563 715 3646 cujus
743 3563 925 3645 pontifices
948 3564 1112 3647 tempori-

160 3662 224 3727 bus
238 3663 351 3727 sancti
368 3662 513 3727 Martini
527 3669 564 3728 et
580 3671 662 3727 ante
677 3669 713 3727 et
727 3663 837 3728 multo
852 3669 932 3745 post
945 3671 1112 3745 tempore,

160 3761 250 3826 sicut
266 3761 328 3826 alii
339 3781 458 3826 omnes
474 3763 617 3826 minoris
636 3762 828 3827 Britanniae
845 3762 1024 3844 praesules,
1041 3762 1112 3826 Tu·

159 3862 315 3927 romensis
339 3861 495 3926 ecclesiae
520 3861 731 3944 suffraganei
754 3860 907 3937 luerunt,
930 3862 1004 3939 sed,
1027 3881 1113 3944 qua-

194 4059 303 4112 ¹Petrat
313 4063 343 4111 de
356 4061 469 4127 enom]
490 4061 623 4122 Heroden,
650 4058 785 4120 thousand,
795 4059 932 4121 according
942 4063 968 4108 to
981 4059 1114 4108 Hoveden.

159 4135 345 4196 parentas.
687 4127 793 4178 ³Derim
812 4133 849 4177 ert
865 4123 971 4197 caasa]
999 4128 1067 4178 Ibid.
1087 4144 1114 4190 p.

194 4198 545 4262 ‘nexamim...mrcir.]
563 4199 709 4256 Tuom.
772 4221 778 4229 ·
