2858 4876
153 599 264 638 chartule

153 650 237 689 foresta

311 365 376 427 312
568 352 700 425 uocum
726 380 773 425 nu
796 377 1002 426 wunnovnn

152 551 207 589 AD
217 550 275 587 1²1⁵
314 536 363 618 pi,
386 535 548 617 episcopi,
573 535 728 611 abbates
754 535 898 616 priores,
922 532 1076 606 comites,
1100 531 1263 604 barones,

316 635 442 697 milites
471 641 507 697 et
529 633 635 696 libere
654 641 822 711 tenenteS,
844 631 905 714 qui
929 633 1052 695 boscos
1077 627 1237 692 habent
1227 647 1264 689 m

316 733 457 809 foresta,
479 732 629 796 habeant
644 734 766 801 boscos
784 751 865 795 suos
887 732 978 794 sicut
992 748 1052 792 eos
1069 728 1266 791 habueruut

318 839 471 913 tempore
490 832 610 913 primae
630 831 863 896 coronationis
880 827 1038 911 praedicti
1056 827 1148 907 regis
1166 824 1267 888 Hen-

318 930 380 993 rici
409 930 466 992 avi
494 931 615 1006 nostri,
650 931 701 993 ita
729 929 820 1010 quod
849 928 957 1011 quieti
984 926 1116 990 sintin
1144 943 1267 1006 perpe-

319 1037 418 1090 tuum
440 1029 482 1091 de
507 1029 665 1092 omnibus
689 1028 934 1110 purpresturis,
958 1026 1067 1091 vastis
1094 1030 1130 1087 et
1152 1041 1268 1097 assar-

319 1125 365 1189 tis
385 1126 485 1189 factis
510 1127 636 1190 inillis
660 1127 773 1191 boscis
799 1133 879 1208 post
895 1124 980 1188 illud
998 1131 1134 1204 tempus
1155 1139 1267 1202 usque

321 1223 365 1286 ad
386 1224 591 1307 principium
608 1226 749 1289 secundi
766 1225 848 1288 anni
867 1223 1098 1289 coronationis
1115 1226 1266 1298 uostrae3

321 1330 368 1399 et,
389 1323 449 1405 qui
472 1323 515 1386 de
539 1331 666 1388 caetero
686 1339 834 1398 vastum,
856 1328 1114 1405 purpresturam
1134 1319 1190 1383 vel
1213 1337 1267 1380 es-

321 1429 452 1484 sartum
470 1421 597 1485 facient
613 1424 687 1486 sine
703 1423 843 1486 licentia
861 1429 982 1485 nostra
1002 1420 1038 1482 in
1055 1418 1124 1482 illis
1140 1416 1268 1493 boscis,

320 1519 363 1582 de
390 1521 510 1598 vastis.
537 1521 770 1603 purpresturis
797 1528 833 1585 et
856 1520 999 1584 assertis
1024 1515 1268 1599 respondeant.

321 1618 541 1699 Regardores
569 1621 678 1683 nostri
707 1629 790 1684 eant
810 1640 872 1701 per
893 1619 1039 1683 forestas
1068 1616 1111 1679 ad
1138 1615 1268 1678 facien-

321 1717 402 1780 dum
439 1718 635 1799 regardum,
673 1719 763 1782 sicut
792 1719 865 1781 fieri
902 1716 1082 1781 consuevit
1112 1722 1267 1795 tempore

320 1817 440 1897 primae
470 1818 702 1881 coronationis
734 1817 890 1900 praedicti
916 1816 1008 1897 regis
1036 1800 1181 1876 Henrici
1210 1813 1268 1875 avi

322 1915 443 1990 nostri,
458 1923 494 1979 et
507 1935 577 1978 non
600 1917 709 1979 aliter.
763 1916 949 1998 Inquisitio
963 1915 1019 1978 vel
1034 1913 1129 1976 visus
1146 1913 1189 1975 de
1206 1931 1269 1974 ex-

321 2014 532 2094 peditatione
552 2034 675 2077 canum
696 2015 917 2079 existentium
940 2015 976 2076 in
992 2012 1122 2076 foresta
1138 2007 1180 2073 de
1202 2029 1270 2073 cae·

321 2118 396 2174 tero
414 2112 474 2174 fiat
491 2114 629 2193 quando
650 2114 723 2176 fieri
740 2114 841 2177 debet
860 2112 1055 2194 regardum,
1077 2108 1210 2173 scilicet
1225 2109 1269 2171 de

322 2211 423 2273 tertio
446 2230 536 2275 anno
562 2213 597 2273 in
619 2214 758 2276 tertium
784 2231 932 2289 annum3
962 2218 997 2274 et
1016 2217 1099 2273 tunc
1123 2208 1185 2271 fiat
1207 2226 1270 2289 per

322 2309 433 2371 visum
454 2316 489 2372 et
505 2311 738 2373 testimonium
759 2311 921 2392 legalium
944 2310 1131 2384 homiuum,
1148 2314 1183 2370 ct
1200 2326 1272 2369 uon

323 2407 445 2486 aliter3
479 2416 514 2470 et
535 2409 604 2484 ille,
630 2409 730 2492 cujus
756 2411 851 2473 canis
878 2411 1039 2473 inventus
1060 2407 1165 2471 fuerit
1186 2412 1270 2468 tunc

323 2523 392 2566 non
415 2506 648 2587 expeditatus,
672 2528 734 2590 pro
763 2508 995 2571 misericordia
1016 2507 1075 2569 det
1098 2512 1168 2567 tres
1190 2504 1275 2567 soli-

323 2603 397 2666 dos.
445 2604 491 2667 Et
510 2605 553 2667 de
574 2614 700 2670 caetero
722 2607 836 2669 nullus
859 2607 921 2669 bos
943 2605 1100 2688 capiatur
1122 2623 1185 2686 pro
1208 2622 1271 2666 ex-

324 2692 559 2781 peditatioue3
595 2705 675 2767 talis
715 2712 830 2768 autem
871 2704 1084 2786 expeditatio
1127 2703 1173 2765 sit
1209 2721 1272 2782 per

325 2800 469 2861 assisam
490 2804 726 2879 communiter,
744 2804 834 2885 quod
852 2810 921 2866 tres
940 2803 1046 2866 ortilli
1066 2800 1273 2865 abscindan-

325 2905 382 2958 tur
407 2896 449 2958 de
474 2899 560 2980 pede
587 2903 749 2965 anteriori
778 2903 850 2965 sine
877 2902 1005 2983 pelota.
1058 2899 1139 2962 Non
1164 2918 1273 2980 expe-

325 2995 476 3058 ditentur
494 3016 597 3061 canes
614 3000 656 3062 de
672 3008 809 3076 caetero,
829 3000 895 3063 nisi
918 3001 954 3062 in
976 2999 1061 3063 locis
1080 2999 1138 3061 ubi
1154 3017 1271 3079 expe·

325 3093 428 3156 ditari
447 3095 604 3161 solebant
620 3105 772 3180 tempore
795 3101 915 3181 primae
936 3097 1168 3162 coronationis
1182 3115 1272 3178 prae·

324 3191 408 3255 dicti
434 3193 579 3258 Henrici
610 3199 700 3278 regis
729 3198 786 3261 avi
814 3199 934 3261 nostri.
1006 3195 1134 3259 Nullus
1164 3195 1273 3258 fores·

327 3291 434 3352 tarius
459 3293 514 3356 vel
541 3294 698 3358 budellus
723 3295 829 3360 faciat
852 3298 894 3359 de
921 3303 1046 3360 caetero
1074 3294 1272 3370 scotallum,

326 3388 381 3450 vel
409 3390 550 3471 colligat
574 3395 700 3474 garbas
718 3396 774 3458 vel
800 3415 945 3459 avenam
968 3395 1023 3459 vel
1043 3394 1186 3457 bladum
1208 3392 1273 3455 ali·

326 3486 385 3561 ud,
404 3487 458 3549 vel
480 3508 589 3571 agnos
610 3493 663 3555 vel
689 3495 870 3575 porcellos,
892 3514 955 3558 nec
974 3494 1125 3574 aliquam
1144 3491 1273 3554 collec-

326 3591 396 3646 tam
423 3585 547 3665 faciat3
580 3597 614 3653 et
636 3611 698 3672 per
721 3593 833 3655 visum
858 3601 894 3655 et
914 3599 1166 3656 sacramentum
1189 3589 1276 3652 duo-

326 3682 434 3745 decim
471 3689 705 3766 regardorum,
742 3691 880 3771 quando
919 3691 1046 3753 facient
1077 3688 1275 3770 regardum,

327 3788 380 3843 tot
400 3781 571 3849 forestarii
591 3796 763 3867 ponantur
785 3790 829 3852 ad
849 3788 995 3853 forestas
1018 3787 1276 3864 custodiendas,

326 3887 411 3958 quot
429 3881 472 3942 ad
493 3883 571 3947 illas
593 3887 835 3950 custodiendas
856 3887 1107 3951 rationabiliter
1123 3886 1275 3949 viderint

325 3976 491 4043 sufficere.
544 3982 688 4046 Nullum
705 3985 936 4049 suanimotum
954 3986 1139 4049 decaetero
1157 3990 1277 4047 tenea-

326 4076 437 4138 turin
456 4097 563 4161 regno
586 4090 716 4159 nostro,
738 4084 805 4147 nisi
823 4093 875 4148 ter
897 4085 933 4147 in
956 4103 1071 4163 anno;
1101 4083 1274 4162 videlicet,
