2858 4876
329 377 373 442 58
585 396 720 444 uocum
742 398 790 445 nn
813 397 1020 447 wuunovna

372 628 422 691 Da
437 627 569 713 quodam
583 627 742 705 heremita,
757 628 812 713 qui
828 627 894 713 rapi
908 624 1068 691 Riclorda
1075 624 1241 711 pradaieit

507 728 705 792 Hierusalem
718 748 778 792 aaa
792 749 850 807 essse
863 725 1100 812 saljapuadam.

166 860 290 962 prm&
379 843 494 915 Duce¹
518 851 626 932 igitur
649 852 685 915 in
711 851 802 914 hunc
828 850 966 914 modum
992 866 1162 930 regresso,
1185 847 1292 912 venit

273 941 279 953 '
329 957 431 1014 nocte
458 951 617 1032 sequenti
640 950 823 1031 religiosus
847 950 987 1030 quidam
1018 948 1062 1011 ad
1085 967 1221 1030 regem,
1250 954 1290 1011 et

328 1049 530 1113 mandatum
559 1049 740 1132 cujusdam
771 1049 883 1113 sancti
915 1048 1092 1112 heremitae
1124 1047 1169 1111 ad
1200 1066 1287 1109 eum

328 1148 465 1225 detulit,
492 1150 553 1231 qui
577 1149 652 1229 regi
680 1147 891 1230 significavit
918 1154 959 1211 ut
987 1147 1031 1210 ad
1058 1166 1137 1209 eum
1162 1146 1288 1211 visen·

327 1247 410 1311 dum
429 1254 642 1330 properaret.
697 1248 776 1311 Rex
800 1254 916 1311 autem
938 1246 981 1310 de
1007 1253 1109 1310 nocte
1134 1264 1286 1309 consur·

327 1365 424 1427 gens,
450 1347 638 1429 assumptis
661 1366 777 1410 secum
802 1347 905 1410 sociis
927 1346 1137 1428 quingentis,
1161 1345 1208 1408 ad
1229 1345 1284 1408 vi·

327 1465 402 1508 rum
420 1446 488 1511 Dei
506 1447 685 1536 peruenit3
711 1446 767 1509 hic
786 1465 869 1510 vero
890 1465 953 1528 per
973 1445 1116 1525 longum
1138 1450 1284 1526 tempus

326 1546 419 1627 apud
450 1553 608 1609 sanctum
640 1545 833 1609 Samuelem
868 1545 904 1608 in
937 1551 1054 1608 monte
1086 1550 1282 1622 manserat,

326 1645 438 1725 quiet
459 1646 584 1727 spiritu
604 1645 795 1728 prophetiae
816 1644 990 1727 pollebat3
1012 1642 1069 1707 hic
1088 1662 1110 1706 a
1127 1642 1182 1705 die
1203 1642 1282 1720 illo,

326 1762 395 1824 quo
421 1763 507 1807 crux
534 1745 718 1807 Dominica
746 1751 850 1826 capta
873 1750 926 1808 est
952 1750 987 1806 et
1014 1750 1107 1806 terra
1133 1741 1283 1820 amissa,

326 1842 410 1904 nihil
435 1842 501 1906 nisi
526 1843 651 1906 herbas
675 1844 871 1907 comederat
890 1850 926 1907 et
944 1842 1091 1918 radices,
1114 1861 1177 1905 nec
1202 1842 1282 1907 ullo

325 1941 489 2005 utebatur
522 1949 733 2023 tegumento,
763 1943 897 2024 capillis
925 1941 1163 2006 tantummodo
1191 1960 1282 2023 ope·

324 2040 479 2104 riebatur
495 2042 671 2124 barbaque
691 2042 846 2124 prolixa3
869 2061 969 2123 quem
991 2061 1054 2104 rex
1070 2040 1199 2104 diutius
1216 2041 1282 2104 ad·

324 2139 479 2204 mirando
505 2142 644 2205 intuens
668 2141 911 2205 sciscitabatur
936 2139 1018 2223 quid
1041 2139 1158 2204 vellet.
1207 2139 1282 2204 Ille

324 2258 405 2304 vero
430 2241 473 2304 de
494 2241 587 2322 regis
613 2240 765 2304 adventu
788 2239 930 2322 gavisus
955 2241 1069 2321 ipsum
1095 2240 1131 2302 in
1156 2246 1283 2303 orato-

323 2339 411 2402 rium
430 2359 530 2404 suum
551 2339 709 2417 adduxit,
726 2358 917 2423 eruensque
937 2338 980 2402 de
1002 2357 1101 2401 muro
1121 2337 1280 2421 lapidem

323 2438 506 2519 quendam,
527 2459 663 2504 crucem
685 2439 834 2519 ligneam
858 2446 893 2502 et
910 2437 1095 2502 cubitalem
1115 2439 1281 2504 extraxit

322 2536 364 2599 de
384 2558 483 2602 muro
505 2546 541 2602 et
561 2540 635 2621 regi
656 2537 781 2603 devote
802 2538 969 2620 porrexit,
996 2535 1170 2601 affirmans
1190 2557 1280 2620 pro·

322 2636 377 2698 cul
400 2637 504 2700 dubio
529 2638 618 2702 hanc
645 2657 780 2702 crucem
804 2637 846 2700 de
867 2636 962 2718 ligno
988 2636 1129 2700 Domini
1150 2636 1277 2722 luisse.

322 2733 414 2816 Regi
429 2736 533 2800 etiam
551 2739 641 2801 inter
657 2738 726 2800 alia
743 2737 844 2813 dixit,
860 2736 952 2819 quod
969 2755 1186 2818 nequaquam
1205 2736 1279 2803 bac

322 2833 396 2898 vice
428 2842 552 2900 terram
582 2837 677 2900 illam
707 2837 889 2911 obtineret,
915 2836 1073 2918 quamvis
1102 2837 1278 2900 strenuis·

321 2933 406 2997 sime
422 2936 548 3018 ubique
565 2937 706 3018 egisset,
727 2942 774 3012 et,
794 2942 834 2998 ut
851 2955 913 2998 rex
931 2935 1058 2999 certius
1078 2934 1178 2998 dictis
1193 2935 1278 3018 ejus

322 3031 422 3096 fidem
447 3035 731 3111 accommodaret,
757 3037 934 3098 asserebat
962 3035 1112 3116 seipsum
1137 3035 1181 3096 ab
1205 3034 1277 3100 boc

320 3134 435 3197 seculo
454 3128 530 3198 ²die
556 3135 703 3218 septimo
724 3134 974 3214 migraturum3
1003 3152 1104 3214 quem
1128 3152 1190 3196 rex
1216 3154 1276 3198 se-

318 3250 394 3295 cum
417 3233 460 3297 ad
484 3243 600 3299 castra
621 3233 798 3317 perduxit,
820 3239 860 3296 ut
880 3233 1050 3297 dictorum
1074 3233 1149 3316 ejus
1173 3252 1274 3297 com·

316 3333 478 3412 probaret
495 3341 670 3409 eventum,
684 3334 755 3415 qui,
771 3333 863 3397 sicut
878 3333 1101 3415 praedixerat,
1117 3330 1172 3396 die
1187 3352 1274 3414 sep·

317 3431 401 3495 timo
420 3434 463 3496 ab
480 3433 546 3496 hac
563 3433 640 3495 luce
656 3433 831 3513 migravit.

450 3595 500 3658 De
514 3604 608 3658 morte
624 3595 803 3679 turpissimo
820 3594 909 3659 dacis
923 3595 1126 3680 Barpaadiae.

155 3707 288 3796 ,22⁸5ssfo
367 3705 466 3774 Hiis³
487 3711 538 3773 ita
558 3711 678 3790 gestis,
699 3710 754 3773 die
776 3711 932 3793 sequenti
948 3717 1064 3774 castra
1081 3711 1201 3786 movit,
1224 3730 1270 3776 ac

155 3806 277 3856 ΒΜ»
316 3809 436 3873 ducem
460 3816 599 3873 secutus
622 3817 722 3873 extra
742 3811 859 3873 urbem
877 3808 1002 3874 Achon
1020 3829 1127 3892 prope
1142 3810 1270 3873 ducem

350 3970 458 4043 Ἥκω]
477 3976 772 4039 Coggesbale‚col.822.
834 3975 920 4027 ⁸Hiis
943 3977 982 4026 lto
1001 3977 1081 4040 gestie
1098 4013 1105 4028 .
1125 4012 1131 4027 .
1150 4014 1157 4028 .
1175 3979 1270 4029 adnuae

349 4041 412 4094 ’aa
420 4045 772 4110 neptium.]'l'hesewordsure
793 4048 924 4111 jabilate]
951 4048 1042 4109 ‘Rege
1066 4052 1150 4096 autem
1174 4048 1267 4098 Ptolo-

312 4115 416 4163 omitted
437 4117 472 4176 by
491 4116 648 4178 Coggesbale
667 4118 693 4165 iu
712 4117 771 4165 both
798 4118 879 4166 maide
908 4132 965 4165 cum
993 4116 1060 4165 fesso
1082 4118 1194 4165 exercitu
1218 4119 1266 4169 vix

313 4184 407 4248 places,
423 4185 541 4236 ccliiii.
798 4202 843 4246 per
870 4186 981 4236 biduum
1007 4187 1162 4249 quiescente,
1184 4191 1266 4249 atque
