2858 4876
400 391 539 440 neonus
563 391 833 442 ulsroamaou.
1020 380 1086 446 257

134 549 303 634 injustum
327 551 433 615 fuisse
455 552 544 615 idem
564 551 704 628 bellum,
730 552 821 633 quod
846 552 888 617 ad
913 552 1086 618 debellan-
1099 570 1222 612 lan-¹²¹³·

136 649 217 714 dum
252 671 368 734 regem
397 651 590 733 Anglorum
619 659 831 734 susceperat,
863 673 941 717 cum
970 654 1086 719 nullus

137 758 392 816 antecessorum
418 771 557 815 suorum
576 751 636 836 jus
659 750 799 833 aliquod
826 754 891 817 sibi
920 753 1087 818 hactenus

136 849 172 912 in
198 871 305 934 regno
326 851 465 933 Angliae
484 851 722 930 vendicasset3
746 851 909 935 adjunxit
932 855 1086 937 insuper,

137 951 228 1031 quod
253 972 316 1015 rex
341 951 550 1016 Francorum
578 958 689 1015 terras
710 970 792 1013 suas
818 960 853 1017 et
870 954 1014 1018 castella
1035 955 1090 1017 in-

133 1049 228 1133 juste
245 1060 476 1133 occupaverat
492 1059 528 1115 et
545 1059 751 1134 occupatam
768 1050 1005 1118 haereditatem
1028 1074 1086 1118 su·

137 1169 193 1213 am
219 1158 341 1216 contra
360 1152 533 1236 justitiam
557 1151 745 1228 detinebat,
773 1172 879 1234 quare
907 1174 984 1218 cum
1010 1153 1087 1236 ipso

137 1253 181 1316 ad
197 1251 362 1336 Angliam
380 1253 496 1318 venire
514 1253 666 1317 nolebat.

181 1427 222 1492 Ut
235 1449 290 1492 rao
305 1427 504 1492 Francorum
518 1428 553 1491 io
570 1428 706 1492 comitam
719 1429 888 1493 Fabaria
902 1431 1048 1515 impetum

548 1528 672 1613 fecerit.

187 1647 360 1738 Cumque¹
381 1674 444 1719 rex
463 1653 674 1718 Francorum
697 1674 718 1718 a
741 1655 866 1719 comite
882 1655 1087 1720 Flandrensi
1100 1677 1171 1728 remp

138 1754 221 1820 talia
237 1756 403 1832 audisset,
416 1755 469 1817 ira
480 1753 673 1818 vehementi
693 1754 884 1833 incanduit,
906 1756 1088 1839 ipsumque
1099 1729 1209 1821 hilii..

136 1853 324 1919 diffidensa
339 1855 435 1919 curia
450 1873 515 1918 sua
528 1853 709 1919 confestim
723 1854 881 1918 recedere
898 1856 1064 1938 praecepit
1078 1868 1088 1937 3'

138 1975 207 2038 quo
223 1955 416 2032 recedente,
435 1975 497 2019 rex
511 1954 723 2018 Francorum
742 1960 870 2018 terram
886 1956 1022 2019 comitis
1038 1957 1090 2019 in·

138 2074 277 2137 gressus
297 2055 377 2138 igne
397 2074 438 2118 ac
457 2054 549 2119 ferro
567 2073 714 2137 quaeque
734 2055 799 2117 sibi
814 2056 917 2118 obvia
934 2054 1089 2138 depopu-

54 2210 57 2217 .
137 2154 241 2248 lando
269 2155 494 2238 consumpsit.
545 2153 674 2218 Nautis
702 2162 870 2236 praeterea
901 2162 937 2218 et
967 2156 1089 2220 classis

138 2274 209 2319 suae
225 2255 437 2332 custodibus,
450 2254 511 2337 qui
527 2254 562 2317 in
578 2254 669 2319 ostio
683 2255 853 2336 Sequanae
869 2254 1032 2333 fluminis,
1049 2264 1089 2320 ut

138 2355 375 2437 praediximus,
398 2361 687 2437 exspectaverant
712 2373 790 2417 cum
815 2355 1024 2419 victualibus
1054 2363 1090 2421 et

138 2454 255 2533 armis,
277 2455 500 2538 significavit,
519 2461 690 2537 quatenus
712 2454 877 2518 dilatione
895 2457 1090 2538 postposita

137 2574 257 2621 versus
285 2555 412 2632 Swine,
440 2554 614 2618 Flandriae
637 2561 787 2636 portum,
804 2555 882 2618 vela
903 2556 1089 2637 dirigerent

138 2662 243 2738 atque
257 2655 292 2717 in
307 2675 384 2719 eum
406 2654 489 2718 illuc
505 2653 622 2718 venire
644 2656 850 2736 quantocius
866 2654 1088 2737 festinarent3

138 2755 230 2838 quod
250 2754 302 2818 ita
317 2754 448 2819 factum
466 2762 530 2818 est.
577 2752 701 2818 Comes
725 2753 960 2831 FlandrensiS,
983 2756 1091 2838 impe-

138 2861 211 2918 tum
235 2853 430 2936 saepedicti
452 2855 543 2936 regis
562 2854 746 2936 plurimum
765 2854 902 2932 timens,
923 2856 1089 2919 citissimo

138 2946 353 3036 volatu'regi
371 2952 565 3036 Anglorum
587 2953 773 3030 nuntiavit,
797 2973 876 3036 quae
899 2954 991 3018 circa
1011 2975 1088 3018 eum

139 3054 233 3118 facta
255 3054 403 3130 fuerant,
430 3055 620 3136 implorans
652 3052 847 3136 diligenter,
879 3061 918 3117 ut
940 3053 1090 3119 militare

138 3154 190 3218 illi
214 3153 405 3218 subsidium
427 3154 564 3218 mittere
584 3154 797 3234 dignaretur.
850 3152 930 3232 Quo
957 3153 1089 3233 audito,

139 3274 202 3319 rex
229 3253 423 3336 Anglorum
448 3253 636 3318 destinavit
662 3253 697 3316 in
726 3271 925 3317 succursum
953 3255 1090 3318 comitis

139 3355 319 3419 memorati
335 3352 477 3418 fratrem
500 3372 599 3417 suum
615 3352 828 3416 Willelmum
849 3355 1008 3418 comitem
1025 3353 1090 3418 Sa·

139 3455 390 3531 resbiriensem,
404 3453 617 3518 Willelmum
645 3452 765 3517 ducem
793 3452 1032 3530 Houtlandiae,
1054 3462 1090 3519 et

140 3554 373 3636 Reginaldnm
396 3554 556 3618 comitem
578 3553 758 3631 Bononiae,
775 3545 977 3616 ²bellatores
999 3553 1090 3618 elec-

138 3662 207 3731 tos,
236 3674 314 3719 cum
347 3653 494 3718 navibus
521 3653 721 3736 quingentis
752 3659 788 3716 et
816 3653 981 3716 militibus
1013 3672 1091 3737 sep-

139 3755 304 3836 tingentis
334 3761 369 3817 et
397 3753 532 3845 familia
555 3753 665 3816 multa
689 3752 791 3815 nimis
821 3759 893 3816 tam
921 3754 1091 3836 equestris

174 3919 603 3986 ¹Curnque.]GompareBrito,Rec.
626 3926 678 3970 tere
697 3922 726 3970 of
744 3922 865 3971 credence
883 3937 926 3972 are
943 3923 1044 3983 printed
1062 3924 1090 3974 in

138 3991 185 4042 des
197 3992 268 4043 Hist.
279 3993 342 4042 xvii.
354 4006 381 4053 p.
388 3996 430 4054 89,
438 3990 501 4041 with
509 3990 603 4041 Chrou.
627 3992 731 4053 Rymer,
747 3993 765 4042 i.
776 4008 804 4053 p.
817 3996 874 4054 lla,
885 3993 911 4041 in
920 3993 1004 4041 which
1020 3994 1090 4044 John

138 4063 171 4118 de
182 4062 211 4114 S.
220 4063 313 4125 Deris,
322 4077 349 4124 p.
360 4065 420 4112 401.
628 4063 715 4111 writes
722 4067 747 4111 to
755 4062 864 4125 Ferand,
870 4063 934 4122 that,
944 4063 995 4111 had
1002 4063 1035 4113 he
1043 4079 1090 4126 ap·

628 4132 698 4193 plied
709 4134 809 4193 earlier,
822 4133 853 4181 he
865 4132 956 4182 should
973 4134 1037 4183 bave
1048 4149 1088 4183 re·

176 4198 447 4266 'Bellatoreaelectoa]
463 4201 541 4250 'lheir
558 4201 604 4249 let·
628 4202 717 4252 ceived
728 4204 838 4264 alarger
849 4217 964 4251 succour.

187 4293 268 4342 vob.
287 4293 342 4342 111.
919 4292 937 4340 S
