2858 4876
316 389 381 454 304
571 400 706 450 uocum
731 402 778 448 nn
800 400 1008 450 wunnovuu

155 582 210 623 nn.
224 583 279 622 ιω.
317 563 433 639 fuerit,
459 562 521 626 fiat
542 561 652 638 miles,
676 560 897 626 nihilominus
919 567 1012 625 terra
1037 568 1215 626 remaneat
1232 562 1269 626 in

153 633 239 724 &iffi
317 663 477 728 custodia
498 662 715 726 dominorum
736 681 876 725 suorum
893 680 1003 742 usque
1021 662 1064 726 ad
1081 663 1268 726 terminum

317 764 531 848 praedictum.
598 760 727 826 Custos
754 770 854 826 terrae
879 761 1078 845 hujusmodi
1107 761 1270 840 haeredis,

317 864 376 946 qni
396 863 486 926 infra
508 869 646 927 aetatem
667 862 782 938 fuerit,
804 881 873 926 non
892 863 1009 943 capiat
1023 861 1065 925 de
1085 868 1179 926 terra
1195 862 1269 926 hae·

209 982 214 997 ·
316 963 408 1027 redis
430 963 498 1026 nisi
520 961 742 1026 rationabiles
759 963 875 1026 exitus
892 968 927 1024 et
941 961 1166 1025 rationabiles
1183 981 1269 1026 oon·

317 1063 517 1127 suetudines
542 1069 578 1126 et
603 1061 824 1126 rationabilia
855 1061 1009 1138 servitia,
1031 1068 1069 1126 ot
1091 1060 1165 1125 haec
1192 1063 1270 1126 sine

316 1163 548 1227 destructione
565 1168 601 1226 et
615 1168 715 1225 vasto
732 1160 907 1224 bominum
922 1161 977 1226 vel
995 1179 1121 1224 rerum.
1174 1161 1222 1226 Et
1238 1163 1269 1226 si

316 1281 380 1326 nos
403 1262 672 1326 commiserimus
688 1260 892 1325 ‘custodiam
917 1261 1020 1325 alicui
1044 1261 1125 1326 talis
1150 1268 1267 1339 terrae,

316 1361 509 1427 vicecomiti
531 1361 587 1425 vel
612 1361 715 1425 alicui
743 1361 814 1437 alii,
839 1361 899 1442 qui
923 1361 966 1424 de
992 1361 1143 1425 exitibus
1164 1368 1267 1426 terrae

315 1462 409 1525 illius
432 1460 529 1526 nobis
552 1461 675 1525 debeat
691 1461 909 1543 respondere,
926 1467 961 1524 et
977 1460 1036 1524 ille
1058 1460 1266 1527 destructio-

317 1581 395 1624 nem
418 1560 461 1625 de
483 1560 641 1624 custodia
664 1559 784 1624 fecerit
803 1560 859 1624 vel
881 1568 1030 1637 vastum,
1052 1581 1115 1625 nos
1139 1562 1184 1625 ab
1205 1562 1269 1626 illo

317 1662 491 1743 capiemus
509 1659 700 1737 emendam,
717 1667 753 1725 et
770 1667 863 1724 terra
878 1661 1114 1725 committatur
1130 1661 1267 1726 duobus

316 1761 488 1843 legalibus
508 1768 543 1824 et
559 1760 715 1824 discretis
731 1760 925 1825 hominibus
941 1761 984 1825 de
998 1761 1099 1825 feodo
1115 1761 1188 1839 illo,
1204 1762 1265 1844 qui

317 1861 475 1925 similiter
491 1861 591 1924 nobis
613 1860 855 1943 respondeant,
873 1861 963 1924 siout
979 1861 1183 1943 praedictum
1201 1869 1265 1926 est.

318 1960 446 2027 Custos
467 1969 596 2038 antem,
616 1960 780 2042 quamdiu
802 1960 994 2024 custodiam
1014 1968 1117 2025 terrae
1137 1961 1268 2026 habue-

317 2062 375 2139 rit,
410 2067 581 2125 susteutet
612 2061 744 2137 domoS,
781 2079 916 2143 parcos,
948 2061 1095 2138 vivaria,
1128 2067 1268 2144 stagna,

318 2162 526 2238 molendina,
552 2167 588 2225 et
608 2168 735 2224 caetera
757 2160 801 2223 ad
822 2160 918 2225 illam
938 2167 1066 2225 terram
1091 2161 1268 2244 pertinen·

318 2263 379 2338 tia,
394 2261 437 2340 de
454 2261 605 2325 exitibus
620 2268 722 2324 terrae
739 2259 913 2344 ejusdem;
936 2267 972 2324 et
986 2260 1108 2324 reddat
1125 2261 1267 2338 baeredi,

318 2382 395 2424 oum
418 2361 460 2424 ad
477 2361 613 2443 plenam
636 2368 774 2426 aetatem
794 2361 1000 2443 pervenerit,
1017 2367 1144 2424 terram
1166 2381 1266 2426 suam

318 2469 427 2526 totam
444 2461 672 2525 instauratam
690 2460 732 2523 de
748 2461 882 2524 carucis
898 2469 934 2525 et
947 2461 1104 2524 omnibus
1121 2461 1199 2525 aliis
1214 2483 1271 2526 re-

317 2563 395 2638 bus,
412 2561 456 2625 ad
473 2561 586 2624 minus
602 2559 788 2624 secundum
805 2560 896 2643 quod
913 2561 972 2624 ille
988 2562 1128 2643 recepit.
1175 2560 1268 2626 Haec

318 2662 435 2725 omnia
466 2663 690 2724 observentur
720 2660 763 2723 de
794 2660 960 2725 custodiis
989 2660 1268 2744 archiepiscopa-

318 2767 428 2836 tnum,
460 2760 734 2842 episcopatuum,
773 2759 1001 2838 abbatiarum,
1038 2761 1267 2844 prioratuum,

318 2859 540 2922 ecclesiarum
573 2851 608 2921 et
629 2858 839 2940 dignitatum
870 2861 1080 2938 vacantium,
1110 2880 1190 2943 quae
1222 2862 1265 2925 ad

318 2978 381 3022 nos
403 2959 587 3041 pertinent,
610 2965 756 3041 excepto
772 2960 864 3040 quod
881 2961 1047 3024 custodiae
1068 2959 1266 3044 hujusmodi

318 3058 421 3122 vendi
454 3078 523 3123 non
556 3058 693 3123 debent.
762 3058 932 3123 Haeredes
957 3061 1163 3124 maritantur
1190 3063 1266 3126 sine

318 3158 609 3241 disparagatione.
655 3157 784 3235 Vidua,
802 3166 1044 3240 postmortem
1064 3160 1180 3224 mariti
1197 3163 1265 3240 sui,

317 3260 436 3323 statim
459 3264 494 3322 et
513 3259 587 3322 sine
611 3256 812 3322 difficultate
839 3259 956 3341 aliqua
978 3259 1104 3324 habeat
1122 3262 1269 3325 marita-

317 3360 412 3438 gium
443 3377 543 3421 suum
574 3365 610 3421 et
635 3358 873 3423 haereditatem
902 3378 1013 3437 suam,
1044 3379 1106 3432 nec
1136 3360 1268 3442 aliquid

317 3456 376 3521 det
396 3477 459 3540 pro
482 3458 562 3521 dote
585 3477 649 3522 sua
667 3458 722 3522 vel
745 3478 808 3540 pro
831 3458 1015 3541 maritagio
1036 3479 1100 3523 suo
1119 3461 1175 3524 vel
1197 3460 1268 3524 hae-

318 3556 463 3621 reditate
484 3577 557 3631 sua,
578 3577 682 3640 quam
705 3557 941 3624 haereditatem
963 3559 1108 3622 maritus
1130 3579 1214 3624 suus
1232 3567 1268 3625 et

317 3655 395 3738 ipsa
406 3663 590 3720 tenuerunt
602 3657 657 3721 die
672 3658 786 3722 obitus
799 3658 909 3740 ipsius
923 3658 1058 3738 mariti3
1082 3664 1118 3723 et
1128 3668 1267 3724 maneat

317 3756 354 3818 in
377 3756 518 3838 capitali
541 3758 718 3840 mesuagio
740 3758 856 3821 mariti
877 3758 932 3822 sui
949 3776 1012 3840 per
1034 3757 1267 3840 quadraginta

319 3855 392 3919 dics
410 3862 490 3938 post
507 3857 639 3921 obitum
660 3858 768 3940 ipsius
791 3856 918 3934 mariti,
937 3856 1029 3922 iufra
1051 3877 1138 3940 quos
1156 3859 1268 3941 assig-

319 3964 420 4021 netur
442 3955 474 4020 ei
497 3956 560 4020 dos
583 3976 659 4034 sua,
686 3957 752 4020 nisi
778 3958 810 4020 ei
833 3957 927 4040 prius
949 3956 1053 4021 fuerit
1076 3958 1269 4039 assignata,

319 4057 375 4121 vel
390 4057 456 4119 nisi
467 4056 590 4120 domus
604 4056 665 4120 illa
679 4056 782 4120 fuerit
799 4064 967 4136 castrum3
986 4063 1033 4134 et,
1048 4058 1078 4121 si
1094 4058 1137 4121 de
1152 4066 1268 4123 castro

317 4157 508 4234 recesserit,
532 4155 649 4220 statim
678 4156 902 4239 provideatur
924 4155 957 4222 ei
979 4157 1100 4222 domus
1127 4177 1267 4242 compe·
