2858 4876
423 397 563 446 enonas
586 397 854 446 nrsronrsaun.
1092 381 1125 442 7·

164 545 215 608 sic
238 557 424 614 coronatus
445 551 571 615 ductus
591 558 645 615 est
666 553 710 615 ab
733 552 903 634 episcopis
925 559 960 616 et
976 553 1113 616 baroni·
1125 573 1248 614 sunu

163 645 239 722 bus,
269 649 542 729 praecedentibus
568 651 796 728 candelabris,
819 671 920 715 cruce
942 659 978 715 et
1000 652 1112 715 tribus
1124 625 1273 716 diriditis

164 745 289 826 gladiis
305 750 531 831 supradictis3
555 759 601 828 et,
618 770 697 816 cum
713 759 915 832 perventum
930 752 1053 815 fuisset
1068 752 1113 815 ad

164 845 376 912 offertorium
406 849 533 927 missae‚
561 852 698 933 praefati
726 850 795 915 duo
823 852 976 934 episcopi
1001 852 1112 915 duxe-

165 938 246 1008 r'unt
265 966 343 1012 eum
365 955 401 1013 et
416 950 540 1014 iterum
561 951 783 1015 reduxerunt.
822 951 991 1027 Tandem,
1007 952 1113 1015 missa

165 1052 306 1111 cantata
327 1055 362 1111 et
381 1050 539 1114 omnibus
558 1052 624 1115 rite
642 1051 804 1133 peractis,
827 1070 920 1134 saepe
941 1051 1025 1115 dicti
1043 1050 1112 1114 duo

164 1145 318 1227 episcopi
332 1149 545 1214 reduxeumt
559 1159 775 1227 coronatum,
788 1158 963 1233 sceptrum
979 1152 1015 1214 in
1028 1150 1114 1214 dex-

165 1251 231 1322 tra,
246 1246 381 1328 virgam
398 1269 480 1314 vero
502 1251 655 1331 regalem
676 1252 712 1314 in
729 1250 870 1314 sinistra
886 1250 1113 1334 bajulantem,

165 1351 200 1410 et
220 1345 381 1412 ordinata
399 1351 618 1430 processione
639 1352 676 1415 in
698 1352 839 1414 chorum
859 1350 987 1414 reversi
1009 1357 1111 1426 sunt;

164 1464 234 1526 quo
254 1465 332 1510 cum
349 1451 563 1530 pervenisset
583 1471 659 1528 rex,
680 1450 845 1533 depositis
867 1450 1041 1532 regalibus
1060 1451 1112 1513 in-

165 1544 349 1624 dumentis,
377 1549 525 1613 leviores
552 1570 712 1614 coronam
737 1557 772 1613 et
797 1558 912 1614 vestes
935 1568 1112 1613 resumens

165 1647 319 1726 perrexit
351 1648 394 1711 ad
423 1650 617 1731 prandium,
641 1644 717 1714 ¹ubi
748 1650 1010 1732 archiepiscopi,
1039 1649 1112 1731 epi-

165 1746 274 1827 scopi,
294 1747 436 1812 comites
459 1756 494 1812 et
515 1751 672 1826 barones,
696 1771 774 1813 cum
798 1750 889 1813 clero
911 1756 947 1812 et
971 1749 1111 1831 populo,

165 1847 401 1929 unusquisque
435 1850 622 1913 secundum
658 1851 811 1913 ordinem
844 1856 879 1912 et
909 1845 1113 1930 dignitatem

165 1964 264 2007 suam
294 1947 339 2010 ad
366 1967 518 2012 mensam
545 1950 717 2027 collocati,
741 1949 972 2032 epulabantur
997 1949 1114 2030 splen·

165 2043 256 2120 dide,
280 2045 418 2110 Baccho
441 2069 502 2131 per
529 2050 764 2132 pavimentum
786 2056 821 2112 et
847 2048 994 2129 parietes
1016 2048 1114 2129 pala-

166 2144 205 2207 tii
234 2144 456 2210 discurrente.
489 2148 583 2212 Acta
611 2158 728 2212 autem
752 2153 833 2211 sunt
860 2147 934 2210 haec
961 2148 1016 2210 die
1038 2147 1113 2210 Do·

166 2244 302 2321 minica,
317 2238 438 2309 ²tertio
453 2266 562 2310 nonas
578 2247 801 2329 Septembris.

428 2420 477 2483 De
482 2419 691 2504 perseeutione
703 2418 855 2482 ludaico.

233 2542 328 2607 Huic
351 2544 566 2608 coronationi
589 2538 706 2607 ³multi
727 2544 750 2607 J
753 2544 930 2607 udaeorum
950 2543 1114 2606 interfue·
1128 2559 1264 2600 rmum

167 2649 259 2720 runt,
281 2650 403 2708 contra
426 2644 557 2725 regiam
578 2643 857 2725 prohibitionem,
872 2643 933 2726 qui
951 2643 1006 2706 die
1028 2611 1268 2724 prae·⁰‘⁸h⁰³⁰'''

169 2743 311 2807 cedente
334 2744 507 2806 communi
528 2743 641 2808 edicto
670 2743 908 2820 interdixerat,
933 2763 976 2806 ne
999 2742 1116 2805 Judaei

170 2851 231 2906 aut
251 2843 411 2908 mulieres
430 2844 636 2907 interessent
661 2852 803 2925 propter
825 2844 979 2922 magicas
998 2842 1117 2905 incan-

169 2943 330 3020 tationes,
355 2961 433 3024 quee
459 2943 532 3007 fieri
557 2943 671 3007 solent
697 2943 733 3005 in
756 2942 1037 3006 coronationibus
1062 2961 1115 3004 re·

168 3062 272 3124 gum3
304 3043 363 3107 sed
393 3043 552 3119 curiales,
578 3042 737 3125 quamvis
765 3042 899 3105 occulte
928 3042 1116 3118 venissent,

167 3142 304 3226 injectis
326 3143 484 3206 manibus
506 3142 744 3224 spoliaverunt
766 3161 825 3204 eos
845 3149 880 3205 et
895 3141 978 3204 diris
995 3141 1116 3204 verbe·

169 3242 262 3305 ribus
289 3243 488 3319 affecerunt,
517 3249 552 3305 et
579 3243 623 3304 ab
655 3240 800 3304 ecclesia
829 3240 907 3303 illos
940 3240 1117 3324 ejicientes

170 3340 337 3423 quosdam
359 3341 617 3417 interfecerunt,
640 3340 807 3423 quosdam
830 3341 1014 3405 semivivos
1036 3339 1116 3402 reli-

169 3448 329 3521 querunt.
377 3438 533 3502 Audiens
559 3447 674 3504 autem
700 3441 825 3522 vulgus
849 3440 1001 3504 civitatis
1024 3440 1117 3521 quod

168 3539 316 3602 curiales
342 3540 394 3603 ita
424 3540 615 3603 saeviebant
639 3541 675 3603 in
705 3541 728 3603 J
731 3540 859 3614 udaeos,
885 3539 1059 3601 irruerunt
1081 3539 1117 3601 in

168 3639 260 3716 illos,
275 3640 334 3721 qui
350 3640 387 3702 in
404 3638 545 3704 civitate
564 3647 813 3716 remanserant,
827 3638 1014 3722 multisque
1031 3638 1118 3701 utri·

209 3818 216 3848 ¹
231 3820 281 3869 Ubi
297 3819 501 3884 arehiepiscopffl
518 3821 632 3882 wanting
690 3817 790 3868 ⁸Multi
805 3817 976 3880 Judoeorum,]
994 3817 1118 3866 Hoveden

168 3892 195 3938 in
208 3892 238 3939 C.
655 3904 716 3951 says
730 3889 790 3951 they
801 3904 868 3938 were
880 3889 922 3936 the
938 3887 1008 3936 chief
1021 3901 1078 3935 men
1092 3886 1121 3935 of

205 3956 308 4009 ²Tertic
316 3954 568 4028 nomosptembrs]
579 3959 632 4008 The
656 3960 698 4008 the
720 3961 802 4023 Jews,
824 3959 882 4008 who
904 3972 974 4007 came
1000 3958 1119 4018 bringing

173 4030 235 4090 3rd3
255 4030 369 4079 Gervese
388 4044 448 4090 says
466 4030 521 4079 thet
537 4031 557 4077 it
572 4029 632 4078 took
656 4036 770 4092 presente
794 4035 820 4078 to
842 4030 883 4077 the
906 4029 983 4089 king3
1011 4043 1038 4088 p.
1061 4030 1118 4076 657.

173 4100 246 4160 place
265 4114 297 4147 on
315 4100 358 4148 the
374 4100 443 4160 llth‚
460 4100 506 4148 but
517 4100 572 4149 that
583 4101 633 4162 day
658 4100 782 4163 Compare
795 4098 953 4160 Newburgh,
964 4098 998 4147 iv.
1010 4094 1023 4161 §
1035 4102 1059 4146 1.

172 4169 216 4218 fell
224 4184 292 4230 upon
304 4184 320 4217 a
332 4169 453 4230 Monday.
