2858 4876
426 394 565 442 ruerus
589 392 858 443 srsrorusuuu.
1041 377 1107 442 135

157 553 207 616 sis
232 552 524 636 archiepiscopus,
545 553 725 617 ecclesiam
744 551 788 616 de
807 551 985 629 Lamheia,
1000 570 1104 634 quam
1118 569 1173 609 sn.
1185 568 1240 606 no.

159 652 381 717 Baldewinus
403 650 636 735 praedecessor
657 670 741 717 suus
764 651 799 715 in
824 651 990 716 honorem
1012 651 1105 715 beati

159 752 302 817 Thomas
332 754 497 838 martyris
523 753 732 818 fundaverat
758 758 793 815 et
819 752 896 834 ipse
923 751 994 815 lere
1021 771 1103 815 con·

158 859 405 930 summaverat,
429 855 694 936 procurantibus
722 851 899 916 monachis
922 851 1106 915 Cantuari-

159 953 298 1017 ensibus
319 972 523 1036 summoque
546 953 708 1036 pontifice
730 952 933 1034 imperante,
958 951 1106 1034 propriis

160 1053 355 1136 sumptibus
377 1052 422 1117 ad
445 1054 499 1117 sui
517 1060 552 1118 et
567 1052 754 1116 multorum
771 1051 995 1134 ignominiam
1012 1070 1105 1115 com·

159 1153 325 1235 planavit.

410 1274 460 1339 De
473 1282 568 1339 morte
583 1274 663 1360 rapte
678 1273 846 1338 obterat.

204 1392 350 1463 Eodem¹
370 1406 536 1481 tempore,
553 1400 706 1478 statutis,
729 1408 768 1464 ut
785 1400 915 1463 dictum
931 1407 995 1475 est,
1012 1404 1104 1461 treu·
1120 1422 1223 1482 neruos

160 1496 214 1579 gis
236 1497 326 1562 inter
347 1520 464 1581 regem
485 1500 698 1564 Francorum
721 1500 919 1582 Philippum
937 1506 973 1563 et
991 1518 1106 1580 regem
1119 1473 1238 1512 ΜΗ

161 1596 356 1680 Anglorum
386 1599 612 1677 Richardum,
641 1598 731 1663 idem
765 1619 827 1663 rex
850 1598 1044 1680 Anglorum
1071 1598 1106 1661 in

163 1697 330 1780 quosdam
353 1700 502 1764 barones
524 1698 693 1764 Pictaviee
720 1700 784 1765 sibi
805 1698 949 1762 rebelles
979 1697 1108 1763 vexilla

162 1796 290 1864 direxit
318 1807 354 1864 et
378 1818 503 1880 arma3
535 1801 570 1863 in
601 1799 761 1864 civitates
786 1808 902 1863 autem
929 1818 1045 1862 eorum
1073 1804 1108 1861 et

162 1898 291 1983 oppida
322 1900 439 1982 ignem
472 1899 717 1976 accumulavit,
744 1900 865 1964 vineas
890 1906 925 1963 et
954 1898 1108 1981 pomeria

164 2000 321 2076 succidit,
360 1999 544 2065 nonnullos
577 1999 682 2064 etiam
718 2020 763 2063 ex
794 1999 1000 2063 adversariis
1035 1996 1107 2060 suis

162 2098 476 2165 immisericorditer
492 2099 688 2166 trucidavit.
725 2098 881 2163 Tandem
903 2099 939 2161 in
958 2096 1108 2179 Aquita-

164 2194 277 2264 nicum
303 2201 507 2282 perveniens
528 2200 703 2277 ducatum,
729 2207 764 2264 et
788 2200 824 2262 in
848 2198 1020 2262 territorio
1043 2196 1109 2261 Le·

164 2298 298 2365 morico
320 2298 452 2364 Chaluz
478 2301 658 2365 castellum
681 2299 858 2363 obsidione
875 2297 1032 2374 vallavit,
1050 2295 1108 2360 ubi

163 2401 310 2484 septimo
336 2398 504 2465 kalendas
530 2399 664 2482 Aprilis
685 2393 725 2463 ²a
749 2399 855 2462 Petro
883 2397 1005 2460 Basilii
1028 2397 1111 2472 telo,

165 2507 205 2564 ut
222 2500 411 2578 dicebatur,
432 2508 603 2565 venenato
621 2518 805 2582 percussus
823 2506 888 2575 est,
908 2517 1013 2581 quam
1032 2516 1110 2579 per·

165 2601 357 2664 eussionem
379 2601 478 2683 quasi
500 2620 563 2683 pro
585 2600 689 2663 nihilo
710 2600 906 2683 reputabat.
952 2597 1111 2680 Denique

166 2700 286 2765 diebus
312 2699 504 2772 duodecim,
538 2700 664 2784 quibus
696 2698 899 2783 supervixit,
931 2697 1111 2761 castellum

167 2800 293 2865 acriter
313 2800 443 2865 invasit
469 2807 505 2864 et
524 2801 627 2883 cepit,
650 2800 843 2881 militesque
866 2804 901 2862 et
923 2798 1112 2861 servientes

168 2900 232 2964 sub
255 2899 394 2966 arctiori
420 2900 577 2965 custodia
596 2900 827 2982 mancipavit;
860 2897 1028 2979 impositis
1051 2916 1113 2959 au-

168 3007 237 3064 tem
261 3002 299 3064 in
323 3000 466 3065 castello
496 2999 662 3065 ministris
685 3000 770 3076 suis,
793 2998 879 3063 illud
905 2995 1112 3060 sufficienter

168 3098 326 3166 munivit.
364 3100 503 3164 Vulnus
524 3107 652 3177 autem,
670 3098 760 3182 quod
778 3097 904 3161 ibidem
922 3102 1111 3179 receperat,

167 3198 258 3263 male
280 3200 417 3264 interim
440 3200 650 3265 custoditum
668 3207 856 3263 tumescere
878 3196 1056 3278 incipiens
1077 3203 1111 3259 et

81 3361 84 3366 .
167 3300 309 3382 nigredo
327 3300 485 3383 quaedam
512 3301 638 3364 tumori
664 3298 837 3380 permixta
862 3295 975 3359 locum
992 3295 1111 3360 vulne-

168 3400 216 3463 ris
233 3401 499 3484 circumquaque
519 3400 685 3474 inficiens,
712 3417 828 3479 regem
849 3396 1114 3460 intolerabiliter

168 3500 363 3582 torquebat.
409 3499 565 3564 Tandem
580 3518 642 3562 rex
659 3497 945 3581 sapientissimus
961 3515 1038 3559 cum
1056 3515 1115 3577 pe-

169 3598 315 3663 riculum
348 3599 414 3663 sibi
444 3606 598 3663 cerneret
625 3600 813 3674 imminere,
843 3597 976 3660 exitum
1014 3614 1115 3658 suum

168 3699 282 3763 cordis
303 3698 518 3776 contritione,
546 3700 615 3762 oris
634 3718 723 3782 pura
743 3696 971 3773 confessione,
994 3714 1115 3778 corpo·

204 3915 316 3967 ¹Eodem
332 3910 461 3986 tempora]
484 3918 631 3980 Brompton,
655 3930 703 3964 nus
722 3916 754 3964 de
770 3910 904 3977 Gurdum,’
923 3930 948 3976 p.
960 3919 1024 3973 7913
1051 3913 1117 3964 Ger·

169 3989 217 4040 col.
230 3990 303 4039 127⁷.
655 4001 715 4035 vase
725 3986 814 4034 makes
825 3985 876 4033 him
887 3984 1072 4033 tohavefallen
1084 3986 1118 4045 by

204 4056 328 4108 'APetro
340 4056 455 4120 nasuta]
470 4057 631 4119 Diceto‚col.
655 4057 698 4105 the
719 4055 788 4104 hand
810 4055 839 4104 os
859 4070 875 4104 a
896 4069 982 4117 young
1004 4069 1062 4102 man
1084 4055 1118 4115 hy

170 4133 228 4179 ⁷⁰6.
245 4128 371 4178 Heroden
382 4128 445 4176 calls
455 4127 498 4175 the
509 4127 632 4175 manwho
656 4141 729 4175 name
751 4126 881 4177 Johannes
914 4126 1033 4185 Sabraz;
1070 4124 1118 4174 col.

170 4199 297 4251 wonnded
329 4196 442 4247 Richard
483 4195 633 4246 ‘Bertram
658 4200 730 4247 1628.
887 4197 889 4201 '
