2858 4876
430 397 568 445 aroana
592 398 860 448 ursronmauu.
1068 386 1112 451 67

166 555 348 627 mercator,
368 550 428 632 qui
449 558 485 617 et
508 552 604 616 vobis
624 553 788 617 annulum
809 554 1022 620 transmisit?
1060 556 1110 622 At
1122 572 1244 620 aaran

163 647 322 711 dominus
340 648 399 712 ille
416 649 544 714 diutins
561 651 726 715 annulum
740 651 898 728 intuitus,
916 653 976 716 ‘N
977 651 1045 732 on,'
1057 657 1111 723 in·

165 746 253 827 quit,
275 746 420 828 ‘Hugo,
439 748 500 813 sed
517 768 579 812 rex
599 749 795 814 Richardus
813 751 1010 832 appellatur
1024 753 1048 830 3'
1071 762 1110 819 et

165 843 305 927 adjecit,
322 845 444 910 ‘Licet
460 847 534 928 ipse
545 846 735 930 juraverim
751 866 806 912 me
822 868 942 913 omnes
956 853 1108 933 peregri·

165 961 229 1006 nos
247 943 290 1006 de
308 945 465 1026 partibus
485 945 554 1009 illis
573 946 750 1010 venientes
770 947 1108 1029 comprehensurum,

165 1061 228 1105 nec
251 1061 377 1106 munus
404 1043 544 1125 aliquod
570 1044 691 1109 abeis
720 1052 953 1128 accepturum,
979 1054 1112 1127 tamen,-

164 1159 228 1222 pro
248 1139 418 1222 dignitate
443 1142 594 1207 muneris
616 1149 653 1207 et
675 1143 857 1221 mittentis,
881 1144 945 1222 illi,
964 1145 1026 1227 qni
1053 1164 1109 1211 me

163 1239 321 1320 ignotum
343 1240 396 1304 ita
419 1239 614 1318 honoravit,
638 1249 675 1305 et
699 1242 939 1307 munusculum
969 1244 1108 1309 remitto

164 1345 200 1401 et
215 1336 357 1401 liberam
372 1338 520 1403 abeundi
534 1339 707 1405 licentiam
722 1340 897 1404 concedo.'
932 1341 1108 1407 Reversus

139 1505 141 1509 .
163 1436 281 1516 itaque
307 1437 449 1501 nuntius
478 1437 594 1502 omnia
620 1437 695 1503 baec
721 1438 796 1520 regi
822 1437 1007 1506 intimavit.
1057 1428 1110 1505 At

164 1535 216 1598 illi
234 1535 336 1600 valde
357 1543 556 1613 trementes,
577 1536 689 1602 media
712 1545 826 1615 nocte,
847 1536 946 1620 equis
967 1557 1108 1621 compa-

164 1631 261 1710 ratis,
284 1635 327 1698 de
351 1634 435 1700 villa
456 1634 622 1716 predicta
646 1637 781 1704 occulte
805 1637 966 1707 exierunt
987 1645 1023 1702 et
1048 1658 1110 1720 per

164 1739 291 1796 terram
306 1730 400 1797 illam
418 1734 547 1798 diutius
560 1735 666 1797 libere
684 1742 947 1818 processerunt3
971 1736 1032 1801 sed
1048 1736 1110 1802 do·

163 1832 276 1894 minus
291 1831 351 1895 ille
367 1831 515 1896 latenter
530 1840 611 1916 post
629 1852 688 1898 eos
706 1833 751 1897 ad
768 1833 909 1899 fratrem
929 1853 1030 1899 suum
1046 1855 1108 1900 ex-

164 1930 372 2011 ploratorem
392 1931 595 2007 transmisit,
613 1938 653 1995 nt
670 1950 786 2013 regem
804 1931 840 1995 in
860 1939 988 1996 terram
1009 1944 1108 1997 snam

164 2028 467 2110 comprehenderet
494 2031 698 2094 venientem.
751 2029 822 2094 Ubi
850 2050 927 2094 cum
955 2050 1019 2095 rex
1047 2032 1108 2094 ad·

165 2127 330 2203 venisset,
352 2134 388 2190 et
415 2127 546 2204 urbem,
575 2126 612 2190 in
640 2146 711 2208 qua
737 2126 994 2193 fraterdomini
1020 2148 1109 2211 prae·
1158 2182 1160 2186 .

166 2224 250 2288 dieti
293 2224 505 2313 morabatur,
545 2226 720 2306 ingressus
756 2223 891 2302 fuisset,
929 2225 1110 2290 confestim

164 2323 233 2399 ille,
262 2321 429 2386 accersito
455 2323 499 2386 ad
528 2341 566 2386 se
594 2323 743 2404 quodam
771 2321 908 2387 bomine
931 2340 996 2388 suo
1016 2323 1111 2389 fidis·

165 2421 264 2498 simo,
294 2420 435 2502 Rogero
462 2421 611 2499 nomine,
639 2420 876 2485 Normannico
904 2441 1042 2503 genero,
1067 2423 1111 2487 de

166 2518 395 2601 Argentonio,
418 2518 477 2600 qui
506 2539 585 2585 cnm
609 2539 651 2584 eo
678 2538 741 2601 per
766 2537 875 2584 annos
900 2519 1025 2602 viginti
1049 2539 1111 2586 ex·

166 2619 305 2684 stiterat
327 2624 363 2682 et
384 2625 522 2702 neptem
549 2636 648 2682 suam
671 2618 703 2682 ei
721 2619 957 2697 maritaverat,
979 2636 1109 2702 praece·

167 2719 232 2805 pit,
254 2724 294 2781 ut
314 2716 446 2793 domos,
468 2716 527 2780 ubi
548 2716 722 2800 peregrini
740 2717 1009 2800 hospitarentur,
1031 2717 1108 2781 dili·

166 2823 288 2899 genter
308 2820 593 2898 perscrutaretur,
613 2816 644 2879 si
663 2815 752 2881 sorte
772 2833 888 2897 regem
908 2834 970 2898 per
988 2815 1109 2898 loque-

165 2915 236 2979 lam
262 2915 319 2980 vel
345 2912 484 2996 aliquod
512 2914 649 2995 signum
675 2914 856 2996 explorare
880 2921 1010 2997 posset,
1028 2933 1109 2996 pro·

167 3016 307 3078 mittens
330 3031 367 3076 se
386 3012 419 3075 ei
439 3012 658 3076 medietatem
683 3011 778 3075 urbis
806 3012 978 3090 daturum,
999 3012 1031 3076 si
1057 3031 1109 3077 ro·

167 3131 245 3194 gem
264 3110 468 3194 intercipere
486 3112 667 3194 potuisset.
701 3109 781 3187 Quo
800 3109 1014 3191 singulorum
1031 3110 1108 3175 bos·

166 3209 254 3294 pitia
272 3210 529 3292 peregrinorum
543 3207 749 3289 inquirente,
766 3207 904 3272 tandem
922 3227 1039 3291 regem
1055 3229 1109 3272 re·

166 3308 281 3391 perit3
318 3307 378 3370 sed
410 3327 452 3371 eo
484 3305 612 3370 diutius
642 3304 879 3370 dissimulante
912 3307 1005 3388 quod
1035 3308 1110 3389 ipse

167 3413 255 3483 erat,
278 3405 413 3469 demum
435 3403 728 3488 [importunitate]
752 3423 892 3486 precum
914 3411 950 3468 ct
975 3404 1110 3487 lachry-

167 3523 301 3568 marum
342 3503 391 3587 pii
432 3502 646 3585 inquisitoris
690 3502 888 3586 compulsus
928 3503 1111 3568 confitetur

166 3602 258 3686 qnod
294 3609 381 3680 erat,
431 3603 492 3685 qui
522 3601 640 3665 statim
672 3619 748 3666 cum
777 3601 963 3685 lachrymis
992 3601 1110 3682 fugam

164 3702 316 3785 arripere
339 3701 527 3765 adhortans
548 3718 672 3782 equum
698 3699 1024 3792 peroptimumregri
1041 3707 1112 3762 tra·

161 3877 304 3938 merchant,
313 3875 400 3926 whose
411 3876 485 3936 nuely
493 3874 627 3925 commodi·
654 3879 698 3926 not
708 3874 748 3924 bls
758 3888 891 3937 expensas,
900 3888 929 3922 so
939 3873 995 3922 that
1004 3873 1113 3935 thevsrp

156 3948 202 4000 ‚tie
210 3959 264 4000 was
275 3944 504 4007 himseli,whereoi
510 3943 543 4003 he
554 3943 627 4004 made
655 3944 741 4008 policp
750 3943 779 3992 oi
791 3957 824 3992 an
839 3942 952 3992 hostesse
963 3942 1058 4004 finding
1073 3941 1114 3990 his

168 4016 214 4064 bnt
229 4029 246 4063 a
260 4014 311 4063 bad
330 4013 452 4075 bargain3
469 4012 508 4063 ior
524 4012 556 4062 be
573 4027 628 4063 was
654 4027 730 4075 purse
748 4027 777 4062 so
794 4013 833 4062 iar
851 4013 930 4062 above
948 4011 989 4060 his
1010 4010 1116 4071 clothes,

168 4083 314 4133 discovered
330 4083 356 4130 in
368 4095 400 4131 an
416 4083 459 4130 inn
471 4081 497 4130 in
515 4081 629 4147 Austria,
654 4083 700 4132 did
720 4082 804 4132 detsct
825 4081 908 4143 him3¹
931 4081 1000 4142 Holy
1018 4078 1115 4140 Warre,

167 4154 277 4202 because
287 4152 320 4200 he
330 4152 462 4217 disguised
478 4152 518 4202 hia
529 4166 629 4216 person,
655 4152 692 4204 ill.
702 4149 715 4217 §
727 4155 767 4202 12.
1152 4175 1153 4178 ¹

964 4218 1010 4264 1²2
