2858 4876
342 399 408 464 374
600 410 735 458 uocum
759 409 806 456 nn
830 408 1037 456 wnunovnn

182 592 306 635 nomo.
344 590 473 636 corum.
525 569 593 634 Sed
619 570 649 632 si
674 587 788 633 comes
814 568 870 632 vel
896 567 968 631 dux
993 568 1029 631 in
1052 587 1159 649 regno
1184 567 1296 631 Fran·

184 646 279 684 Rectene

183 693 291 734 offeredto
346 691 464 735 corum
496 669 721 752 delinqueret,
756 675 875 751 posset
910 675 945 732 et
980 668 1122 732 deberet
1146 668 1296 752 judicari

184 742 325 842 ilinlilin‘?
346 772 392 838 ad
412 779 557 836 mortem
580 789 642 853 per
665 788 767 852 pares
793 788 904 848 suos;
931 769 1037 832 immo
1062 768 1182 833 sinon
1207 777 1298 834 esset

185 846 248 885 '⁰¹¹⁰'
348 873 420 937 dux
440 872 497 936 vel
522 890 637 936 comes
660 870 717 935 vel
742 869 845 933 homo
870 868 975 951 ligius
1004 870 1098 951 regis
1129 869 1299 948 Franciae,

350 981 385 1036 et
402 972 604 1055 deliquisset
628 971 665 1035 in
692 990 802 1053 regno
828 970 998 1046 Franciae,
1023 971 1158 1034 ratione
1183 970 1299 1035 delicti

348 1074 385 1136 in
402 1091 511 1155 regno
533 1072 721 1155 perpetrati
745 1076 932 1154 potuerunt
950 1070 1097 1134 barones
1115 1089 1193 1134 eum
1207 1070 1300 1155 judi·

347 1192 428 1237 care
452 1173 497 1236 ad
524 1177 696 1250 mortem3
727 1171 881 1253 alioquin
904 1170 934 1233 si
959 1189 1022 1234 rex
1043 1169 1195 1252 Angliae,
1217 1171 1301 1254 quia

350 1294 412 1337 rex
439 1279 515 1338 erat
535 1274 711 1349 inunctus,
734 1291 803 1335 non
830 1278 948 1354 posset
964 1271 1116 1355 judicari
1142 1272 1186 1335 ad
1208 1291 1301 1336 mor·

349 1381 432 1450 tem,
454 1374 593 1456 impune
619 1378 738 1455 posset
759 1371 889 1435 intrare
913 1390 1058 1454 regnum
1082 1371 1239 1436 Franoiae
1265 1380 1302 1437 et

349 1473 541 1537 interficere
560 1474 708 1537 barones
730 1471 899 1550 Franciae,
917 1472 1007 1536 sicut
1023 1470 1197 1537 interfecit
1214 1465 1301 1537 ¹Ar·

351 1573 514 1638 thurum?
564 1571 621 1638 Ad
656 1572 732 1636 haec
764 1589 877 1657 papa;
912 1572 1044 1636 ‘Multi
1075 1572 1302 1654 imperatores

351 1680 387 1736 et
407 1673 592 1756 principes,
616 1679 652 1737 et
669 1673 774 1737 etiam
798 1673 1012 1736 Francorum
1035 1677 1150 1759 re'geS,
1172 1674 1302 1737 multos

350 1774 388 1836 iu
411 1774 594 1839 annalibus
623 1771 790 1836 occidisse
819 1772 983 1854 leguntur
1005 1772 1221 1851 innocentes,
1236 1792 1301 1837 nec

351 1880 466 1937 tamen
491 1892 687 1957 quenquam
710 1872 847 1937 illorum
872 1873 1021 1954 legimus
1048 1873 1153 1937 morti
1181 1873 1301 1937 addic-

351 1981 446 2054 tum;
477 1981 513 2037 et
541 1993 619 2037 cum
647 1971 821 2037 Arthurus
853 1974 946 2056 apud
975 1972 1195 2037 Mirebellum
1224 1992 1303 2037 cas-
1372 2058 1375 2061 ,

352 2080 456 2151 trum,
476 2093 545 2138 non
565 2080 604 2138 ut
620 2074 798 2150 innocens,
818 2072 879 2138 sed
901 2073 1001 2156 quasi
1020 2092 1149 2138 nocens
1170 2080 1206 2138 ct
1221 2093 1302 2156 pro·

352 2174 444 2238 ditor
468 2174 597 2238 domini
618 2182 654 2238 et
679 2173 842 2238 avunculi
869 2174 936 2252 sui,
962 2173 1018 2238 cui
1047 2173 1245 2255 homagium
1267 2179 1304 2237 et

352 2274 533 2356 ligantiam
554 2274 695 2350 fecerat,
722 2280 845 2356 captus
871 2273 988 2351 suerit,
1010 2274 1126 2356 potuit
1150 2273 1193 2337 de
1219 2274 1300 2356 jure

352 2381 462 2439 morte
480 2374 584 2439 etiam
602 2373 802 2457 turpissima
821 2374 895 2436 sine
908 2373 1041 2458 judicio
1059 2365 1304 2439 condemnari.'

352 2522 355 2527 ⁸
386 2548 532 2614 Secunda
546 2546 667 2633 objectio
681 2548 842 2614 astrudem
857 2558 965 2614 contra
981 2571 1078 2636 repom
1093 2549 1278 2616 Jotannem.

405 2673 564 2737 Secunda
580 2671 730 2756 obJectio
745 2680 867 2738 contra
882 2693 997 2756 regem
1011 2674 1089 2752 suit,
1103 2676 1196 2758 quod
1212 2694 1305 2758 saepe

355 2774 483 2837 citatus
511 2791 581 2836 non
607 2774 836 2855 personaliter
860 2773 932 2858 juri
959 2775 1137 2857 pariturus
1166 2794 1305 2858 compu-

354 2873 437 2949 ruit,
466 2891 529 2937 nec
564 2871 787 2938 sufficientem
825 2875 1059 2957 responsalem
1096 2895 1158 2958 pro
1190 2894 1228 2939 se
1260 2875 1304 2938 ad

356 2973 485 3037 curiam
506 2971 664 3037 Franciae
688 2973 888 3039 destinavit.
941 2974 997 3039 Ad
1017 2975 1083 3039 hoc
1102 2975 1186 3039 dicit
1200 2994 1305 3059 papa,

354 3073 447 3154 quod
469 3073 499 3137 si
518 3093 582 3137 rex
602 3071 741 3154 Angliae
762 3073 828 3138 fuit
845 3080 981 3139 tantum
1003 3081 1205 3154 contumax,
1216 3075 1306 3158 quia

356 3173 484 3237 citatus
509 3193 578 3237 non
599 3173 694 3238 venit
718 3192 782 3237 nec
805 3173 911 3252 misit,
935 3176 995 3239 sed
1009 3182 1159 3258 propter
1182 3182 1306 3240 contu·

356 3274 503 3337 maciam
528 3294 598 3338 non
628 3274 717 3337 solet
739 3274 817 3356 quis
845 3274 960 3357 puniri
988 3275 1030 3339 ad
1059 3282 1217 3354 mortem,
1241 3295 1306 3340 nec

356 3372 486 3453 debet3
528 3393 611 3455 ergo
643 3374 790 3438 barones
827 3374 986 3440 Franciae
1019 3395 1089 3439 non
1120 3383 1307 3459 potuerunt

352 3471 510 3555 judicare
533 3493 612 3537 eum
634 3474 679 3537 ad
701 3481 859 3552 mortem,
881 3475 942 3539 sed
967 3476 1090 3540 saltem
1112 3476 1181 3540 alio
1203 3477 1306 3540 modo

356 3573 479 3654 punire
508 3593 599 3650 eum,
629 3593 691 3656 per
723 3574 934 3639 ablationem
962 3575 1094 3640 scilicet
1120 3575 1211 3640 feodi
1239 3575 1306 3641 sui.
1342 3589 1345 3594 ·

359 3669 483 3736 Nuntii
507 3673 772 3756 responderunt,
795 3673 1048 3740 ‘Consuetudo
1067 3682 1122 3740 est
1140 3677 1176 3739 in
1197 3695 1307 3759 regno

392 3855 583 3923 malama]
624 3859 699 3909 Paris
726 3860 818 3910 inserts
842 3865 869 3910 to
886 3875 991 3925 appear,
1001 3861 1034 3911 he
1044 3860 1097 3911 had
1112 3861 1177 3909 been
1192 3858 1310 3921 reedyto

357 3928 417 3978 here
428 3929 498 3977 what
508 3928 540 3977 he
552 3928 615 3977 calls
626 3928 668 3979 the
680 3934 736 3978 true
754 3935 818 3979 state
843 3932 876 3980 do
888 3946 925 3994 so,
936 3933 983 3980 but
998 3931 1053 3980 that
1068 3930 1157 3992 Philip
1167 3929 1271 3979 refused
1282 3935 1309 3981 to

357 3998 524 4048 olthecase:
538 3999 593 4047 that
609 4013 642 4047 an
657 4001 747 4063 unlust
763 4014 819 4050 sen-
845 4006 983 4063 guarantee
1010 4001 1063 4050 him
1092 4015 1108 4050 a
1136 4000 1190 4049 suso
1212 4003 1309 4057 return,

357 4071 429 4117 tenco
446 4083 501 4118 was
517 4068 610 4130 passed
627 4085 660 4117 on
676 4070 744 4121 John
758 4070 819 4120 with
843 4072 914 4121 ‘nisi
937 4073 1037 4134 parium
1063 4085 1165 4121 suorum
1180 4070 1309 4132 judicium

357 4143 456 4199 respect
474 4143 499 4187 to
523 4139 681 4201 Normandy,
700 4140 738 4189 sor
755 4142 820 4204 that,
844 4143 891 4192 hoc
904 4142 1050 4204 permittet!

356 4206 430 4256 when
448 4208 515 4258 cited
534 4210 568 4271 by
582 4210 624 4258 the
640 4210 737 4259 French
757 4211 819 4273 king
