2858 4876
336 385 401 448 260
502 370 504 375 ⁴
593 399 726 447 noorai
751 400 797 446 un
820 399 1028 447 wuuuovnn

180 581 303 623 annus
341 558 499 623 venirent
528 560 564 622 in
590 558 768 640 Angliam,
800 559 915 622 omnia
941 577 1006 621 sua
1036 564 1071 621 et
1095 557 1290 622 ablatorum

341 659 469 722 damna
514 660 700 723 secundum
745 659 957 741 praescriptae
1004 658 1100 741 pacis
1145 656 1292 721 formam

184 778 298 819 rumon-
341 758 435 822 illico
465 759 673 842 percepturi.
726 757 935 840 Pandulpho
963 759 1082 840 itaque
1106 757 1293 833 mediante,

180 829 311 927 {litalde
342 858 546 922 necessariis
581 859 739 922 omnibus
777 857 822 920 ad
856 858 1112 941 repatriandum
1146 856 1293 940 paratiS,

181 929 223 968 and
232 929 293 968 other

181 979 267 1028 anna·
344 959 572 1022 ascenderunt
590 978 696 1026 naves
719 957 930 1041 Stephanus,
952 956 1213 1022 Cantuaricnsis
1236 976 1293 1020 ar·

181 1032 287 1130 'diffidi
343 1057 593 1141 chiepiscopus,
607 1057 803 1121 Willelmus
822 1057 1063 1134 Londinensis,
1082 1057 1294 1121 Eustachius

345 1157 505 1236 Eliensis,
522 1157 705 1222 Hubertus
723 1157 987 1235 Lincolniensis,
1005 1164 1040 1221 et
1053 1156 1199 1238 Egidius
1218 1156 1294 1220 He·

344 1257 551 1322 refordensis
568 1257 733 1340 episcopi,
749 1277 827 1321 cum
844 1256 979 1321 caeteris
996 1257 1129 1321 clericis
1145 1264 1180 1320 et
1194 1256 1293 1321 laicis

344 1376 451 1421 causa
472 1357 647 1421 interdicti
668 1357 922 1433 exsulantibus,
939 1364 985 1434 et,
1003 1356 1094 1438 apud
1116 1356 1293 1420 Doveram

344 1457 638 1540 decimoseptimo
658 1455 825 1521 kalendas
840 1455 994 1539 Augusti
1012 1444 1241 1539 applicantes,
1257 1456 1294 1520 in

345 1556 400 1620 die
432 1558 543 1621 beatae
572 1556 783 1638 Margaretae
815 1557 958 1638 virginis
986 1556 1202 1620 Wintoniam
1232 1549 1296 1620 ¹ad

345 1676 460 1738 regem
476 1664 653 1720 venerunt.
690 1655 770 1720 Rex
788 1664 914 1731 autem,
933 1676 1012 1720 cnm
1029 1655 1216 1720 adventum
1235 1675 1297 1722 eo-

345 1776 421 1819 rum
445 1757 678 1838 cognovisset,
696 1757 792 1820 venit
812 1756 950 1821 obviam
970 1756 1050 1833 illis,
1074 1764 1121 1835 et,
1140 1757 1214 1820 viso
1238 1775 1296 1820 ar·

344 1856 562 1939 chiepiscopo
581 1864 615 1920 et
632 1856 815 1938 episcopis,
833 1856 957 1920 cecidit
968 1875 1096 1938 pronus
1113 1857 1294 1920 interram

345 1956 388 2020 ad
415 1956 519 2039 pedes
545 1976 674 2033 eorum,
702 1955 888 2039 lachrymis
919 1955 1070 2039 profusis
1097 1958 1296 2034 obsecranS,

346 2064 386 2120 ut
405 2056 448 2120 de
471 2075 508 2119 se
535 2075 576 2120 ac
600 2074 706 2137 regno
728 2054 869 2138 Angliae
894 2056 1164 2120 misericordiam
1188 2055 1296 2120 habe·

345 2164 435 2220 rent.
468 2155 648 2220 ¹Videntes
672 2176 756 2237 ergo
781 2155 1058 2238 archiepiscopus
1084 2162 1120 2220 et
1141 2156 1299 2238 episcopi

347 2263 480 2320 tantam
510 2255 601 2338 regis
623 2255 864 2332 humilitatem,
888 2275 966 2319 cum
990 2255 1177 2338 lachrymis
1197 2256 1298 2320 illum

346 2355 389 2419 de
419 2362 512 2421 terra
543 2355 759 2433 levaverunt,
793 2355 958 2420 ducentes
989 2375 1011 2420 a
1045 2356 1178 2419 dextris
1210 2362 1247 2420 et
1274 2374 1297 2421 a

346 2456 494 2520 sinistris
536 2457 580 2519 ad
623 2455 750 2521 ostium
792 2455 946 2520 ecclesiae
982 2455 1202 2534 cathedralis,
1237 2455 1300 2521 ubi

347 2575 422 2619 cum
449 2556 582 2639 psalmo
608 2555 905 2638 quinquagesimo,
932 2555 1128 2621 videntibus
1150 2575 1301 2638 magna..

347 2656 439 2718 tibus
462 2657 596 2719 cunctis
629 2664 664 2720 et
690 2656 837 2719 ubertim
866 2675 938 2738 prae
968 2656 1095 2737 gaudio
1121 2654 1299 2733 flentibus,

185 2772 330 2812 rollanus·
347 2755 438 2819 sicut
463 2774 537 2818 mos
565 2762 619 2819 est
643 2755 810 2833 ecclesiae,
837 2754 935 2819 illum
964 2755 1197 2820 absolverunt.
1252 2755 1299 2820 In

186 2823 324 2914 litllllla.
348 2854 413 2918 hac
436 2862 551 2918 autem
572 2854 789 2920 absolutione
809 2855 943 2939 juravit
962 2874 1038 2933 rex,
1056 2854 1160 2920 tactis
1180 2874 1301 2921 sacro-

187 2928 226 2963 Μ’
348 2955 478 3018 sanctis
498 2954 700 3037 evangeliis
718 2955 811 3037 quod
831 2963 987 3020 sanctam
1006 2955 1186 3020 ecclesiam
1204 2955 1304 3040 ejus-

348 3074 416 3137 que
435 3054 613 3119 ordinatos
635 3054 808 3136 diligeret,
828 3054 1026 3120 defenderet
1043 3063 1079 3120 et
1096 3062 1300 3123 manutene-

348 3162 401 3219 ret
425 3159 547 3219 contra
581 3174 700 3219 omnes
730 3156 946 3221 adversarios
978 3151 1062 3220 suos
1096 3177 1160 3240 pro
1193 3178 1303 3240 posse

303 3276 304 3279 ¹
347 3273 431 3330 suo;
456 3254 617 3338 quodque
632 3256 740 3319 bonas
757 3254 852 3336 leges
870 3264 1127 3323 antecessorum
1143 3277 1301 3334 suorum,

348 3361 383 3418 et
400 3354 574 3436 praecipue
596 3354 691 3435 leges
715 3355 899 3419 Eadwardi
923 3357 1028 3439 regis,
1050 3363 1241 3434 revocaret,
1264 3363 1302 3427 et

348 3452 485 3535 iniquas
502 3453 706 3531 destrueret,
725 3462 760 3518 et
774 3475 893 3520 omnes
907 3456 1062 3521 homines
1079 3474 1161 3520 suos
1177 3475 1301 3520 secun-

348 3552 428 3615 dum
447 3553 548 3637 justa
569 3554 673 3618 ouriae
696 3572 768 3619 suae
783 3554 920 3639 judicia
935 3556 1120 3641 judicaret,
1137 3555 1300 3639 quodque

347 3652 494 3734 singulis
516 3652 674 3717 redderet
685 3654 768 3737 jura
789 3675 863 3721 sna.
917 3655 1059 3720 Juravit
1076 3656 1181 3720 etiam
1204 3656 1298 3739 quod

348 3753 507 3816 omnihus
538 3752 583 3815 ad
608 3753 783 3819 interdicti
816 3755 995 3837 negotium
1022 3755 1301 3837 pertingentibus

384 3973 679 4048 ¹Adregemoeaerant.]
693 3979 810 4028 ThaAn-
834 3980 944 4040 meeting
970 3978 1013 4027 the
1046 3977 1166 4040 prelatas,
1189 3978 1302 4041 wishing

347 4050 403 4098 nals
419 4049 448 4097 of
461 4048 596 4110 Waverley
613 4054 687 4111 stata,
702 4049 758 4097 that
767 4049 809 4098 the
834 4049 896 4107 still,
912 4048 935 4096 if
948 4048 980 4097 he
1001 4047 1077 4098 could
1093 4049 1127 4109 by
1145 4061 1196 4109 any
1212 4062 1301 4098 means

347 4119 410 4181 king
431 4119 482 4168 had
504 4119 642 4180 purposely
660 4123 703 4181 got
722 4123 767 4168 out
784 4118 813 4167 oi
834 4119 909 4168 effect
919 4119 948 4182 it,
958 4123 985 4168 to
996 4133 1087 4183 escape
1100 4117 1163 4169 from
1178 4117 1219 4167 his
1230 4118 1302 4184 oath,

347 4188 389 4238 tha
405 4203 463 4250 way
475 4183 618 4256 (elongavit
633 4185 675 4256 se)
692 4192 717 4237 to
734 4189 810 4238 avoid
833 4193 931 4252 p.1⁷8.
