2858 4876
434 394 573 442 ruerus
596 359 865 445 ursroamauiu.
1058 386 1124 451 311

172 569 279 631 suos;
314 552 421 615 salvis
453 552 733 636 archiepiscopis,
772 555 955 637 episcopis,
987 559 1255 624 abbati-anuo.

171 650 249 726 bus,
275 651 458 731 prioribus,
482 651 702 733 Templariis,
730 653 992 735 Hospitalariis,
1016 660 1120 722 comi·
1133 625 1217 716 {effi
1247 734 1250 742 Ι

172 747 277 825 tibusr,
299 750 497 827 baronibus,
519 751 698 827 militibus,
719 759 754 815 et
772 754 930 816 omnibus
954 755 1031 818 aliis
1049 765 1120 820 tam

170 847 413 910 ecclesiasticis
429 850 585 929 personis
601 868 705 931 quam
727 851 964 928 saecularibus,
981 852 1122 919 liberta-

171 944 263 1008 tibus
278 954 314 1008 et
323 945 439 1009 liberis
452 947 769 1026 consuetudinibus
784 969 871 1030 quas
883 952 979 1031 prius
994 951 1120 1017 habue-

169 1051 262 1107 runt.
316 1044 384 1108 His
401 1045 570 1121 testibus,'
586 1054 622 1108 et
637 1053 772 1110 caetera.
828 1048 1022 1115 Libertates
1036 1071 1119 1117 vero

170 1140 213 1204 de
234 1141 365 1207 foresta
385 1151 422 1207 et
436 1144 554 1207 liberae
576 1146 851 1222 consuetudines,
874 1166 952 1228 quae
976 1168 1054 1212 cum
1079 1151 1120 1213 li-

168 1240 360 1304 bertatibus
384 1243 595 1324 praescriptis
623 1244 660 1306 in
685 1263 755 1307 uua
782 1245 946 1310 schedula
973 1267 1037 1328 pro
1063 1250 1118 1312 sui

168 1340 362 1420 capacitate
389 1342 557 1405 contineri
582 1343 823 1424 nequiverant,
848 1345 885 1406 iu
910 1345 975 1409 bac
997 1345 1117 1411 charta

170 1438 366 1520 subscripta
383 1441 603 1504 continentur
620 1441 684 1504 sub
703 1441 768 1504 hac
783 1441 911 1522 sorma;

443 1612 492 1676 Da
508 1610 699 1678 libertatibus
707 1584 844 1698 forata

219 1735 266 1799 ‘J
270 1736 434 1814 ohannes,
455 1736 523 1800 Dei
541 1739 656 1818 gratia
673 1758 735 1801 rex
754 1738 905 1818 Angliae,
926 1745 962 1801 et
978 1745 1115 1802 caetera.
1128 1759 1240 1799 cumaea

169 1835 295 1898 Sciatis
325 1836 417 1917 quod
441 1835 568 1899 iutuitu
596 1836 674 1913 Dei,
704 1845 740 1899 et
763 1856 825 1918 pro
852 1838 965 1900 salute
992 1838 1115 1901 animae
1127 1810 1211 1848 sm

168 1941 296 1997 nostrae
327 1943 363 1997 et
384 1935 575 1998 animarum
601 1943 859 1999 antecessorum
883 1942 918 1998 et
939 1954 1116 1998 successo-

167 2051 244 2095 rum
269 2041 477 2109 nostrorum,
505 2033 550 2095 ad
577 2033 825 2097 exaltationem
852 2041 981 2097 sauctae
1009 2034 1116 2096 ecole-

167 2131 229 2194 siae
261 2138 296 2195 et
330 2132 603 2195 emendationem
637 2133 736 2214 regni
768 2133 890 2209 nostri,
923 2140 1116 2214 spontanea

166 2237 202 2292 et
225 2231 318 2294 bona
341 2230 520 2294 voluntate
544 2238 663 2294 nostra
686 2230 853 2308 dedimus,
873 2232 1114 2307 concessimus,

166 2348 229 2409 pro
263 2329 362 2392 nobis
396 2337 432 2393 et
455 2328 649 2392 haeredibus
677 2331 817 2406 nostris,
843 2330 906 2392 has
936 2330 1114 2393 libertates

164 2428 389 2509 subscriptas,
410 2427 586 2490 habendas
608 2436 644 2490 et
658 2428 823 2491 tenendas
845 2428 882 2491 iu
904 2447 1011 2507 regno
1035 2446 1113 2489 uos·

164 2534 220 2589 tro
236 2523 376 2607 Angliae
395 2527 430 2588 iu
448 2533 664 2607 perpetuum.
717 2526 762 2588 Iu
780 2526 911 2607 primiS,
930 2544 1048 2588 omnes
1064 2526 1113 2587 fo-

164 2628 278 2701 restae,
302 2643 390 2706 quas
416 2643 479 2687 rex
509 2624 684 2687 Henricus
712 2642 799 2687 avus
828 2631 946 2687 noster
972 2622 1112 2686 affores·

164 2723 265 2799 tavit,
285 2723 467 2786 videantur
492 2742 554 2803 per
575 2724 701 2805 probos
727 2729 762 2784 et
778 2721 909 2802 legales
935 2720 1111 2799 homines;

164 2829 212 2898 et,
233 2821 263 2883 si
282 2822 424 2886 boscum
449 2821 598 2901 aliquem
625 2822 732 2884 alium
755 2840 859 2902 quam
881 2839 982 2883 suum
1004 2820 1115 2882 domi·

163 2921 279 2984 uicum
314 2919 565 2983 afforestaverit
599 2920 642 2982 ad
682 2919 843 2982 damnum
882 2919 975 2982 illius
1012 2918 1112 3002 cujus

163 3021 289 3082 boscus
311 3017 427 3095 fuerit,
450 3017 569 3081 statim
598 3017 883 3096 deafforestetur;
913 3024 959 3093 et,
982 3017 1013 3079 si
1033 3018 1113 3080 bos·

165 3136 243 3180 cum
269 3136 370 3181 suum
392 3117 569 3198 proprium
586 3116 849 3191 afforestaverit,
867 3121 1045 3178 remaneat
1062 3113 1114 3176 io-

164 3224 269 3292 resta,
290 3217 388 3281 salva
405 3216 600 3278 communia
620 3216 663 3278 de
682 3215 847 3296 herbagio
866 3221 902 3277 et
917 3214 1019 3275 rebus
1035 3212 1112 3275 aliis

164 3315 201 3377 in
222 3316 341 3378 eadem
361 3314 492 3377 foresta
506 3314 576 3377 illis
592 3315 652 3395 qui
671 3333 748 3377 eam
769 3315 865 3395 prius
888 3312 1013 3375 habere
1031 3330 1112 3374 con-

164 3420 363 3476 sueverunt.
416 3413 599 3489 Heminae,
625 3413 685 3494 qui
713 3419 853 3475 manent
877 3416 978 3473 extra
1004 3408 1113 3471 fores·

164 3520 249 3588 tam,
278 3532 348 3575 nou
369 3511 512 3575 veniant
540 3511 583 3574 de
611 3519 738 3574 caetero
768 3529 883 3572 coram
907 3508 1112 3591 justiciariis

165 3611 294 3675 uostris
317 3610 359 3672 de
381 3609 512 3672 foresta
530 3629 592 3691 per
611 3627 809 3673 communes
831 3606 1112 3680 submonitiones,

165 3708 233 3770 uisi
249 3708 319 3771 sint
336 3709 372 3770 in
391 3707 533 3789 placito,
550 3708 605 3770 vel
622 3707 728 3789 plegii
745 3705 892 3789 alicujus
908 3704 964 3767 vel
981 3704 1113 3784 aliquo-

164 3826 241 3869 rum
253 3806 313 3888 qui
327 3805 509 3869 attachiati
522 3813 604 3868 suut
614 3811 755 3887 propter
766 3801 943 3869 forestam.
983 3802 1111 3865 Omnes

164 3912 280 3968 autem
294 3905 402 3982 bosci,
415 3903 476 3986 qui
490 3902 630 3967 fuerunt
644 3903 834 3967 afforestati
847 3921 909 3983 per
922 3919 1037 3981 regem
1051 3899 1113 3962 Ri-

165 4003 332 4067 chardum
346 4003 487 4066 fratrem
504 4010 673 4078 nostrum,
687 4002 804 4065 statim
818 3999 1112 4073 deafforestentur,

164 4102 232 4167 nisi
252 4102 381 4167 fuerint
396 4101 558 4166 dominici
580 4101 674 4165 bosci
698 4100 818 4164 nostri.
872 4096 1110 4178 Archiepisco·
