2858 4876
335 389 401 453 360
446 477 449 485 Ι
590 405 724 452 noennr
748 406 795 452 nr
817 405 1025 454 wnnnovnn

177 573 299 614 liv-¹²1⁶·
338 564 449 628 nuntii
485 584 564 628 cum
595 561 817 627 festinatione
847 561 891 625 ad
924 580 1041 644 regem
1073 560 1286 625 Francorum

337 664 503 729 etlilium
533 663 610 748 ejus
638 661 860 727 Lodowicum
884 662 1061 725 venientes
1088 659 1208 724 literas
1236 663 1286 725 eis

337 764 521 848 praedictas
555 769 811 845 porrexerunt3
854 761 979 845 quibus
1013 759 1197 842 diligenter
1234 762 1288 824 in-

338 864 466 947 spectis
496 870 530 927 et
555 863 728 944 sagaciter
758 860 953 937 intellectis,
990 881 1053 924 rex
1077 860 1208 924 nuntiis
1232 882 1288 925 re·

338 963 490 1045 spondit,
506 983 543 1026 se
560 962 668 1025 filium
687 981 786 1027 suum
810 981 880 1024 non
898 961 1082 1024 missurum
1101 967 1287 1042 antequam

339 1082 361 1126 a
389 1062 576 1128 baronibus
606 1062 649 1126 ad
686 1061 852 1145 majorem
885 1061 1105 1124 securitatem
1136 1061 1287 1142 optimos

338 1162 481 1227 haberet
509 1161 657 1239 obsides,
683 1162 807 1246 viginti
836 1167 987 1243 quatuor
1017 1160 1062 1224 ad
1093 1160 1218 1236 minus,
1245 1160 1288 1224 de

340 1262 564 1327 nobilioribus
584 1262 692 1326 totins
714 1262 823 1343 regni.
871 1260 996 1324 Nuntii
1019 1279 1101 1324 vero
1128 1259 1203 1323 haec
1227 1278 1289 1323 au-

340 1362 473 1426 dientes
501 1361 667 1426 citissimo
698 1362 816 1426 volatu
850 1361 1037 1424 baronibus
1072 1379 1288 1442 responsum,

341 1462 433 1544 quod
461 1468 678 1545 acceperant,
704 1462 930 1539 remiserunt3
963 1460 1087 1537 atilli,
1112 1460 1205 1524 aliud
1232 1480 1287 1523 re·

340 1561 472 1643 fugium
493 1582 562 1625 non
581 1561 757 1640 habentes,
776 1561 850 1643 regi
870 1560 1083 1624 Francorum
1103 1579 1166 1642 pro
1188 1559 1289 1624 libitu

341 1679 405 1724 suo
422 1661 559 1725 obsides
574 1661 775 1725 direxerunt
789 1680 931 1724 numero
947 1660 1158 1742 supradicto.
1204 1658 1293 1737 Qni-

340 1762 405 1824 bus
436 1762 583 1843 receptis
617 1768 652 1825 et
685 1761 775 1843 apud
810 1759 1057 1843 compendium
1091 1761 1156 1822 sub
1190 1760 1290 1823 salva

341 1861 499 1926 custodia
533 1862 720 1944 deputatis,
752 1861 926 1924 animatus
955 1867 1009 1924 est
1036 1858 1289 1941 aliquantulum
1360 1892 1366 1906 ·

342 1960 561 2038 lodowicus,
577 1961 710 2043 iterque
730 1981 830 2024 snum
852 1961 1034 2042 disponere
1053 1979 1131 2023 cum
1148 1960 1291 2024 festina·

341 2061 434 2124 tione
452 2061 602 2138 vacavit,
619 2061 710 2144 quod
728 2081 831 2144 super
848 2061 963 2124 omnia
979 2060 1162 2124 affectabat
1176 2081 1185 2139 ;
1215 2060 1289 2138 sed,

341 2161 504 2243 quoniam
529 2161 635 2225 motio
651 2162 761 2243 ipsius
785 2161 959 2225 Lodowici
984 2160 1027 2223 ad
1048 2168 1120 2224 tam
1143 2161 1289 2223 arduum

341 2261 593 2342 expediendum
626 2262 801 2343 negotium
830 2261 904 2324 fieri
932 2260 1189 2343 praecipitanter
1218 2280 1290 2324 non

342 2361 467 2443 potuit,
491 2362 585 2425 misit
604 2361 772 2444 quosdam
796 2361 1026 2444 praecursores
1053 2378 1135 2423 suos
1162 2361 1197 2423 in
1216 2358 1290 2424 An-

342 2461 447 2541 gliam
478 2469 560 2525 ante
592 2462 714 2525 faciem
744 2481 854 2538 suam,
885 2481 949 2544 per
980 2479 1067 2543 qnos
1102 2461 1290 2525 baronibus

342 2578 437 2642 spem
460 2561 630 2626 conferret
647 2569 682 2625 et
699 2561 898 2625 fidelitatem
921 2579 1038 2624 eorum
1062 2560 1290 2643 experiretur.

344 2658 496 2724 Nomina
523 2668 637 2725 autem
663 2681 779 2724 eorum
804 2661 878 2725 baec
904 2667 997 2736 sunt,
1020 2661 1230 2724 castellanus
1246 2660 1292 2724 de

343 2766 464 2823 sancto
490 2758 703 2837 Andomaro,
732 2761 942 2825 castellanus
966 2759 1010 2824 de
1030 2758 1153 2837 Arraz,
1179 2760 1289 2842 Hugo

342 2857 499 2936 Thacun,
543 2859 752 2924 Eustachins
793 2860 836 2924 de
872 2860 1025 2936 Neviila,
1065 2860 1289 2924 Baldewinus

343 2959 473 3037 Bretel,
490 2960 546 3024 W.
568 2959 611 3023 de
628 2960 772 3037 WimeS‚
794 2960 938 3042 Egidius
956 2960 999 3024 de
1020 2960 1154 3037 Melun,
1171 2960 1230 3025 W.
1246 2960 1289 3023 de

343 3059 585 3137 Bello-monte,
608 3059 753 3142 Egidius
777 3060 820 3124 de
843 3060 962 3138 Hersi,
985 3060 1084 3123 Biset
1103 3060 1145 3123 de
1170 3060 1288 3140 Fersi;

342 3157 377 3221 hi
401 3179 519 3222 omnes
545 3179 623 3223 cum
645 3160 785 3241 sequela
808 3179 937 3242 magna
961 3160 1108 3223 militum
1131 3167 1166 3223 et
1186 3161 1291 3224 clien-

342 3265 415 3321 tum
438 3279 499 3341 per
515 3259 703 3323 Thamisiae
721 3259 849 3323 flumen
868 3259 1114 3323 descendentes
1136 3279 1215 3323 cum
1237 3261 1291 3323 in-

342 3358 437 3439 genti
466 3360 632 3423 baronum
660 3359 783 3423 laetitia
812 3360 856 3423 ad
888 3361 1005 3423 urbem
1033 3359 1291 3423 Londoniarum

342 3467 572 3541 pervenerunt
607 3459 710 3522 tertio
746 3457 914 3523 kalendas
950 3459 1081 3522 Martii.
1159 3459 1291 3523 Eodem

341 3563 496 3639 tempore
530 3558 739 3640 Stephanus
769 3559 1029 3623 Cantuariensis
1062 3557 1292 3641 archiepisco-

341 3676 417 3738 pus
444 3657 577 3735 Romae,
601 3659 685 3722 data
714 3659 874 3723 cautione
903 3659 993 3742 quod
1022 3664 1132 3722 staret
1157 3658 1292 3742 judicio

342 3756 470 3820 domini
505 3777 605 3840 papae
642 3759 685 3822 de
719 3760 822 3823 rebus
860 3759 1018 3842 superius
1055 3759 1241 3840 expressis,
1270 3779 1293 3825 a

341 3857 513 3920 sententia
537 3858 773 3940 suspensionis
797 3860 976 3923 absolutus
1000 3865 1064 3934 est,
1088 3859 1138 3921 ita
1162 3865 1292 3935 tamen,

340 3957 432 4038 quod
450 3964 530 4020 ante
549 3976 669 4039 pacem
689 3958 780 4021 inter
802 3980 916 4041 regem
935 3967 970 4023 et
985 3959 1133 4021 barones
1150 3955 1290 4040 Angliae

339 4056 440 4140 plene
458 4057 674 4122 reformatam
693 4055 856 4140 Angliam
874 4080 941 4123 non
957 4061 1113 4123 intraret.
