2858 4876
425 395 565 444 rnonrs
589 396 858 445 nrsronrnnon.
1073 384 1118 448 43

162 553 461 639 cum'magnificus'
471 556 538 621 'rex
554 552 749 638 Angloru‘m
766 553 1044 633 Richardus,:cui
1061 577 1117 622 ar·¹
1130 577 1184 619 no.
1196 577 1252 617 nn.

163 656 253 722 dens·
271 657 384 723 inerat
408 656 615 722 desiderium
642 656 819 738 negotium
847 653 1014 734 crucifixi
1039 679 1117 741 pro·

164 776 315 836 movere,
344 759 578 841 cognovisset,
607 756 765 842 promisit
792 775 830 820 se
862 758 937 839 regi
966 758 1118 824 Franco·

164 879 242 923 rum
263 858 598 925 communicaturum
617 858 783 935 omnium,
811 864 890 939 quae
914 858 950 944 in
975 877 1061 926 auro
1083 867 1120 925 et

165 967 325 1042 argento,
348 959 620 1042 victualiumque
646 958 928 1039 congregatione,
951 966 1058 1042 atque
1081 962 1118 1026 iu

165 1059 276 1144 equis,
305 1061 423 1139 armis,
462 1060 612 1126 navibus
647 1057 851 1142 possideret,
886 1058 1119 1139 medietatem,

166 1161 218 1225 ita
233 1160 403 1227 'videlicet
428 1168 469 1226 ut
491 1160 649 1224 inimicos
674 1157 805 1224 Christi
831 1158 933 1223 simul
955 1160 997 1225 de
1026 1168 1120 1226 terra

166 1259 295 1326 sancta
308 1261 506 1346 disperdere
524 1260 744 1340 laborarent;
767 1259 827 1323 sed
846 1259 1012 1344 quoniam
1028 1261 1120 1328 idem

166 1380 229 1426 rex
255 1362 413 1428 Francia
437 1361 589 1428 reditum
610 1380 713 1425 suum
733 1359 916 1444 juraverat
941 1368 977 1426 et
995 1361 1120 1426 immae

166 1462 319 1528 tabiliter
334 1464 577 1538 ordinaverat,
601 1462 674 1526 suis
702 1467 903 1525 constanter
928 1462 1119 1527 reclamant

168 1562 261 1629 tibus
281 1571 425 1648 totoque
445 1562 601 1628 exercitu
618 1562 772 1647 graviter
791 1568 1025 1641 consternato,
1040 1582 1120 1629 cum

167 1665 291 1747 paucis
335 1682 476 1730 suorum
517 1662 770 1747 repatriaturos
809 1681 916 1728 naves
954 1664 1119 1730 ascendit

169 1764 319 1830 Suborta
352 1765 420 1831 suit
453 1767 595 1848 insuper
624 1765 715 1828 inter
745 1768 845 1845 reges
878 1764 1017 1828 occulta
1035 1764 1121 1830 *dis-¹

169 1866 297 1944 sensio,
322 1867 374 1930 ita
397 1866 491 1950 quod
516 1885 578 1929 rex
604 1865 762 1929 Francius
787 1865 906 1928 urbem
924 1861 1062 1942 Achon,
1084 1871 1121 1930 et

169 1965 320 2049 reliquas
340 1986 428 2050 quas
451 1966 587 2049 capturi
609 1973 709 2029 erant
731 1965 845 2040 arbee,
863 1971 979 2030 castra
992 1970 1037 2031 'et
1054 1973 1121 2030 ter-

169 2085 239 2143 ras,
271 2068 406 2134 tradere
440 2065 625 2131 marchisio
663 2064 706 2128 de
743 2064 1028 2150 Monte-Ferrato
1059 2085 1121 2131 vo·

169 2166 283 2231 luerat
311 2184 352 2230 ac
379 2167 523 2230 firmiter
556 2171 796 2248 proposuerat,
827 2171 863 2228 et
894 2183 1011 2246 regem
1043 2185 1121 2230 eum

171 2264 506 2330 constituere-terra
538 2265 689 2343 sa'nctaeg
712 2262 834 2328 habuit
859 2281 1008 2345 namque
1031 2265 1122 2330 idern

171 2365 375 2430 marchisius
401 2385 545 2430 uxorem
574 2364 683 2428 filiam
708 2364 800 2446 regis
822 2362 1003 2441 Almarici,
1024 2371 1120 2431 soro·

170 2485 243 2530 rem
271 2465 403 2531 scilicet
422 2464 560 2548 'reginae
595 2463 829 2541 Hierusalem,
851 2483 931 2547 quae
960 2464 1044 2549 jam.
1062 2465 1122 2532 de·

171 2567 290 2631 functa
313 2566 443 2631 iuerat.
496 2565 606 2651 Cujus
631 2564 805 2630 voluntati
833 2584 897 2629 rex
925 2565 1122 2633 Richardus

171 2685 314 2751 prorsus
336 2667 483 2742 obstitit,
505 2665 690 2731 ostendens
717 2664 969 2730 rationabiliter
989 2665 1122 2750 justius

171 2768 245 2832 fore
270 2768 345 2851 regi
372 2766 536 2845 Gnidoni,
566 2785 673 2848 regno
696 2765 772 2849 jam
800 2765 933 2849 pridem
960 2765 1122 2849 spoliato,

171 2888 317 2951 regnum
337 2887 438 2932 suum
463 2868 656 2941 restituere,
673 2884 791 2948 quam,
813 2866 874 2930 illo
891 2866 1041 2944 vivente,
1057 2866 1121 2936 alie

172 2989 232 3033 um
261 2970 476 3050 subrogar03
509 2986 589 3032 curn
619 2972 806 3044 constaret,
835 2966 933 3030 illum
963 2986 1033 3032 non
1060 2986 1123 3050 per

172 3069 349 3152 ignaviam
369 3088 515 3150 reguum
535 3068 703 3144 amisisse,
725 3066 786 3130 sed
813 3066 928 3149 potius
953 3086 1016 3149 per
1036 3075 1124 3134 stre«

171 3170 342 3234 nuitatem
366 3169 404 3233 in
432 3169 532 3251 gravi
548 3167 646 3241 ¹belli
674 3167 873 3244 certamine,
896 3167 941 3232 ob
972 3166 1122 3232 hostium

173 3269 455 3335 numerositatem
477 3275 514 3332 et
542 3268 717 3332 exercitus
746 3268 801 3331 sui
832 3267 1052 3351 paucitatem,
1076 3268 1123 3335 si·

173 3369 246 3435 mul
268 3390 347 3434 cum
363 3388 464 3434 cruce
481 3387 504 3431 a
515 3368 702 3433 vSaracenis
719 3375 858 3451 captum
876 3367 993 3434 fuisse.
1029 3368 1123 3435 ,Hoc

174 3471 336 3535 nimirum
356 3471 447 3535 inter
468 3469 653 3554 praedictos
675 3468 847 3551 principes
868 3467 1049 3533 discordia
1070 3488 1125 3532 se·

173 3571 358 3636 minarium
373 3569 588 3652 dignoscitur
609 3569 797 3646 exstitisse,
815 3587 892 3633 cum
909 3575 1026 3633 tamen
1048 3567 1123 3634 haec

172 3671 346 3737 discordia
369 3671 480 3752 primo
502 3669 594 3753 apud
623 3667 822 3733 Messanam
851 3668 978 3732 Siciliae
1005 3669 1124 3751 primi·

174 3772 249 3836 tiva
279 3771 339 3835 sed
378 3770 516 3834 occulta
546 3767 795 3853 prdiulaverit3
832 3767 1008 3833 Richardo
1042 3788 1124 3851 rege

173 3873 293 3936 urbem
309 3869 461 3935 eandem
488 3888 592 3934 manu
618 3875 753 3949 mmata
778 3876 901 3933 contra
925 3889 1040 3951 regem
1062 3869 1123 3934 ob·

174 3973 318 4048 tinente,
331 3978 366 4036 et
382 3969 548 4053 plurimos
562 3988 702 4033 suorum
716 3975 969 4051 prosternente,
983 3971 1027 4033 ob
1044 3988 1124 4032 con·
1238 3996 1243 4007 ·

174 4072 261 4137 vitia
283 4077 318 4135 et
340 4070 555 4146 vexationes,
583 4089 670 4153 quas
693 4069 869 4133 exercitus
892 4071 983 4151 regis
1014 4070 1125 4132 Fran·

175 4190 292 4236 corum
319 4189 382 4236 suo
409 4170 576 4235 exercitui
599 4169 779 4236 inserebat.
821 4169 974 4234 Cernens
995 4171 1126 4252 itaque,
