2858 4876
176 568 232 610 Ab.
242 571 300 610 1196.

175 620 259 667 Legend

338 384 403 451 112
592 401 726 450 nocnru
751 402 798 448 on
821 401 1027 450 wsmmvnn

338 558 436 622 novit
454 557 559 622 corda
576 560 727 622 omnium
747 558 854 635 solus,
878 565 913 622 et
935 565 1025 623 tunc
1041 556 1133 639 quod
1151 555 1288 639 justum

175 669 329 711 oramonkof
337 657 462 723 viderit
481 659 649 722 retribuet
665 658 859 722 universis’
912 656 1000 721 Cum
1025 663 1142 720 autem
1164 661 1287 737 postca

176 718 293 767 Eveaham.

335 776 494 822 reversus
517 776 592 821 sum
619 759 663 821 ad
690 776 827 840 corpus,
853 757 950 821 venit
976 756 1021 819 ad
1045 775 1099 819 me
1126 751 1287 818 sacerdos

334 854 406 933 ille,
430 857 485 921 cui
510 856 602 922 levia
631 862 767 921 tantum
793 856 971 919 consessus
995 855 1131 933 fuerat3
1163 851 1285 922 Domi-

335 975 418 1019 num
448 962 580 1020 testans
608 973 723 1021 coram
752 955 881 1033 multis
904 955 1084 1021 verissima
1108 972 1184 1017 esse
1207 970 1287 1034 quae

335 1055 421 1132 dixi,
444 1074 522 1118 cum
547 1055 662 1118 nullus
691 1061 820 1137 praeter
839 1055 953 1137 ipsum
975 1054 1044 1117 ista
1072 1051 1286 1134 cognoverit.

336 1155 391 1219 De
412 1155 525 1237 poenis
547 1160 664 1220 autem
683 1154 882 1231 multorum,
904 1172 991 1237 quas
1014 1150 1096 1230 vidi,
1120 1151 1175 1214 hic
1197 1169 1289 1233 prae-

336 1254 489 1318 termitto
512 1254 675 1330 inserere,
702 1254 826 1318 timens
850 1273 906 1329 ne,
932 1253 962 1316 si
985 1252 1086 1335 plura
1110 1269 1285 1333 ponerem,

334 1352 521 1417 lectoribus
544 1352 587 1417 ad
609 1352 679 1417 alia
700 1352 845 1416 tendens
866 1351 1043 1416 fastidium
1065 1367 1285 1432 generarem;

335 1450 410 1516 haec
443 1453 533 1516 enim
566 1471 679 1536 pauca
708 1452 751 1517 de
782 1451 900 1515 multis
933 1451 1085 1515 breviter
1120 1455 1289 1530 excerpta

335 1549 532 1619 sufficiant.'
855 1562 857 1566 ’

379 1723 430 1789 Dc
445 1725 571 1804 cisione,
586 1746 680 1811 quom
694 1697 775 1791 idom
790 1724 954 1791 monachas
969 1725 1061 1803 uidit,
1077 1724 1114 1789 da
1130 1733 1242 1790 aterno

666 1825 771 1911 glorio
788 1824 953 1891 beatorum.

380 1947 588 2012 ‘Exsecutis
609 1968 671 2031 pro
688 1957 787 2030 parte
802 1949 881 2027 hiis,
898 1967 976 2030 quae
993 1948 1036 2011 de
1054 1947 1167 2030 poenis
1184 1953 1219 2011 et
1236 1946 1290 2012 lo-.

335 2046 385 2111 cis
402 2046 598 2129 poenalibus
615 2048 761 2112 vidimus
780 2049 995 2125 miserorum,
1012 2054 1122 2111 restat
1140 2066 1232 2110 nunc
1246 2053 1288 2110 ut

335 2145 378 2209 de
403 2145 538 2211 solatiis
562 2147 812 2229 quiescentium
832 2154 867 2212 et
887 2154 1019 2211 aeterna
1036 2146 1148 2229 gloria
1164 2146 1286 2214 beato·

335 2265 423 2323 rum,
443 2265 521 2330 qnae
543 2245 610 2309 fide
630 2246 768 2311 oculata
788 2247 1040 2330 perspeximus,
1058 2244 1286 2328 proferamus.

336 2343 529 2429 Postquam
548 2345 677 2409 diutius
697 2364 760 2427 per
779 2346 991 2410 diversorum
1009 2364 1137 2427 genera
1153 2345 1286 2427 suppli-

335 2445 468 2507 ciorum
481 2444 690 2521 incedentes,
707 2451 866 2527 utsupra
883 2444 1159 2521 memoravimus
1169 2445 1286 2508 varios

335 2544 536 2608 miserorum
559 2543 695 2607 labores
719 2544 945 2627 inspeximus
968 2545 1067 2608 nobis
1093 2544 1137 2606 ad
1167 2543 1286 2608 interi-

335 2661 400 2707 ora
419 2642 639 2708 tendentibus
661 2644 777 2708 lumen
799 2645 905 2727 coepit
935 2644 1104 2726 paulatim
1126 2643 1285 2725 gratissi-

335 2759 429 2803 mum
444 2761 626 2825 apparere;
642 2742 722 2806 hinc
735 2743 850 2808 odoris
867 2742 1065 2808 suavissimi
1080 2742 1285 2832 fragrantia,

335 2840 415 2907 inde
440 2842 554 2924 campi
581 2842 784 2907 multimoda
816 2842 939 2906 florum
964 2843 1183 2927 jucunditate
1205 2862 1285 2906 ver·

334 2940 451 3004 nantis
466 2941 662 3019 amoenitas,
679 2941 912 3008 incredibilem
928 2942 1026 3005 nobis
1043 2941 1207 3025 praestitit
1221 2961 1285 3006 vo-

334 3038 516 3121 luptatem.
569 3039 612 3105 In
633 3040 697 3106 hoc
715 3061 837 3124 campo
857 3041 1039 3106 hominum·
1055 3042 1128 3106 sive
1150 3039 1286 3106 anima÷

335 3158 413 3203 rum
430 3139 538 3203 millia
555 3141 742 3223 reperimus
765 3141 912 3219 infinita,
934 3148 1014 3223 post
1030 3159 1178 3205 excursa
1200 3159 1283 3223 sup-

335 3237 440 3319 plicia
451 3238 488 3301 in
499 3237 589 3302 felici
594 3239 859 3322 jocundantium
869 3240 985 3324 quiete
996 3240 1168 3304 laetantes.
1186 3238 1284 3317 Quos

335 3343 451 3401 autem
475 3337 512 3400 in
533 3338 644 3419 prima
665 3339 759 3404 illius
781 3341 894 3422 campi
915 3340 1071 3421 margine
1091 3339 1286 3404 invenimus

336 3436 424 3501 albis
444 3435 582 3518 quidem
605 3438 664 3502 sed
688 3459 758 3503 non
780 3440 866 3504 satis
886 3439 1075 3503 nitentibus
1097 3439 1285 3511 utebantur

336 3535 519 3616 vestibns3
554 3536 743 3618 nigredinis
773 3544 889 3602 tamen
917 3545 978 3602 aut
999 3537 1185 3622 cujuslibet
1210 3557 1285 3601 mae

335 3634 424 3699 culae
458 3634 542 3698 nihil
577 3636 627 3699 eis
661 3636 843 3701 videbatur
872 3638 997 3715 inesse,
1029 3637 1111 3701 licet
1140 3637 1285 3703 minoris

335 3734 451 3814 gratia
468 3733 627 3799 candoris
646 3735 826 3817 pollerent.
879 3736 977 3802 Inter
994 3755 1081 3819 quos
1101 3736 1283 3819 plerosque

334 3831 421 3897 mihi
450 3833 580 3897 dudum
610 3841 711 3899 notos
742 3836 930 3917 conspexi3
963 3855 1044 3900 nam
1072 3836 1284 3905 abbatissam

334 3930 510 4012 quandam
540 3931 592 3996 de·
607 3934 720 4015 poenis
746 3954 856 4019 nuper
881 3955 1056 4018 egressam
1083 3934 1208 3998 ibidem
1231 3955 1285 3999 re÷

335 4032 495 4111 cognovi,
526 4050 604 4114 quae
631 4034 785 4099 vestibus
814 4035 1056 4111 immaculatis,
1084 4053 1205 4116 parum
1233 4040 1302 4100 ta»

333 4147 414 4197 men
445 4130 612 4209 candidis,
643 4133 829 4214 utebatur3
862 4135 1011 4216 priorem
1039 4133 1212 4216 quendam
1225 4134 1285 4198 'ibi
