2858 4876
317 398 382 462 322
568 411 703 489 noonru
728 411 775 457 ou
798 409 1006 458 wnunovrm

156 591 279 632 nunno.
318 572 431 635 dictae.
497 569 543 634 Et
569 571 647 634 ideo
677 569 881 633 mandamus
908 568 1008 633 vobis
1036 575 1072 631 et
1104 586 1267 650 rogamus

318 690 381 735 vos
398 670 593 751 diligenter,
603 669 695 752 quod
709 670 753 734 ad
769 675 1045 734 torneamentum
1063 668 1267 750 praedictum

318 791 397 834 cum
424 771 522 852 equis
547 782 582 834 et
606 771 710 833 armis
732 771 783 834 ita
812 770 955 853 provide
982 768 1143 845 veniatis
1175 768 1268 851 quod

317 871 482 934 honorem
507 871 586 934 inde
609 865 793 934 ¹habeatis.
846 869 916 948 Qui
939 868 1061 932 melius
1083 869 1131 931 ibi
1150 867 1268 944 faciet,

318 970 458 1033 habebit
473 989 601 1047 ursum,
623 989 724 1053 quem
749 970 889 1033 domina
911 969 1070 1050 quaedam
1092 967 1207 1031 mittet
1223 968 1267 1031 ad

318 1077 604 1134 torneamentum.
620 1067 768 1134 Valete.'
806 1069 936 1132 Eodem
952 1088 1044 1131 anno
1054 1068 1169 1132 vocati
1185 1075 1269 1131 sunt

318 1187 340 1231 a
360 1166 452 1251 papa
468 1169 673 1234 Innocentio
694 1169 816 1233 Romae
837 1170 880 1233 ad
901 1169 1083 1232 concilium
1107 1167 1268 1250 generale

318 1270 454 1350 praelati
475 1270 681 1333 universalis
705 1270 870 1345 ecelesiae,
892 1268 1099 1351 patriarchae
1123 1268 1268 1345 scilicet,

319 1367 578 1451 archiepiscopi,
608 1369 774 1451 episcopi,
801 1369 997 1450 primicerii,
1023 1367 1267 1444 archidiaconi,

318 1468 439 1530 decani
462 1468 710 1531 cathedralium
736 1469 971 1544 ecclesiarum,
992 1468 1147 1543 abbates,
1173 1466 1267 1551 prio·

318 1585 385 1642 ree,
401 1566 591 1649 Templarii
606 1573 641 1632 et
659 1567 901 1650 Hospitalarii,
920 1575 958 1631 ut
974 1574 1212 1650 comparerent
1230 1568 1267 1630 in

317 1666 504 1747 praesentia
514 1668 643 1731 domiui
660 1687 761 1750 papae
778 1669 814 1730 in
827 1669 910 1731 urbe
925 1667 1091 1731 Romaiu
1106 1666 1266 1731 kalendis

318 1765 539 1845 Novembris,
560 1768 650 1831 sicut
673 1768 875 1832 canonicam
898 1767 1020 1831 volunt
1043 1767 1194 1848 effugere
1215 1767 1266 1829 ul-

315 1865 456 1930 tionem.

364 2039 414 2102 De
429 2037 665 2124 elimationibus
682 2039 861 2103 contionanti
878 2041 958 2126 repis
971 2040 1096 2126 Acylla
1111 2063 1216 2106 coram

733 2161 836 2224 papo.

153 2284 290 2326 somnne·-
354 2262 423 2328 Per
438 2264 528 2328 idem
540 2268 677 2345 tempus
688 2254 877 2327 ²steterunt
887 2265 1011 2328 Romae
1025 2265 1060 2327 in
1076 2267 1265 2347 praesentia

153 2340 444 2427 iiiiii'⁸‘⁰d0mini
470 2382 570 2445 papae
593 2362 706 2425 nuntii
730 2365 822 2444 regis
840 2362 1048 2446 Anglorum,
1070 2365 1265 2447 allegantes

153 2435 229 2475 Μ’
314 2483 431 2527 coram
460 2483 502 2527 eo
526 2461 730 2526 rebelliones
756 2469 791 2526 et
816 2463 972 2548 injurias,
1003 2483 1089 2546 quas
1115 2466 1264 2531 barones

314 2562 453 2645 Angliae
465 2563 705 2626 excitaverant
719 2563 884 2627 adversus
896 2583 1013 2645 regem
1022 2572 1263 2642 memoratum,

314 2664 494 2744 exigentes
513 2663 616 2725 abeo
638 2663 806 2744 quasdam
827 2664 923 2745 leges
944 2671 979 2728 et
998 2663 1175 2729 libertates
1199 2667 1265 2729 iui-

314 2781 413 2845 quas,
436 2781 522 2844 quas
549 2761 754 2843 dignitatem
780 2765 910 2844 regiam
935 2765 1021 2827 nulli
1042 2764 1158 2828 decuit
1184 2784 1266 2829 con·
1335 2780 1338 2784 ·

314 2860 471 2939 firmare;
504 2868 550 2936 et,
571 2879 649 2923 curn
674 2870 753 2942 post
776 2869 905 2926 motam
930 2863 1019 2926 inter
1046 2882 1105 2929 eos
1129 2863 1262 2931 discor·

313 2960 407 3024 diam
427 2980 490 3024 rex
507 2967 542 3023 et
558 2961 703 3024 barones
717 2959 760 3023 de
780 2981 866 3043 pace
887 2963 1071 3027 tractaturi
1084 2965 1261 3029 multoties

313 3061 568 3136 convenissent,
594 3059 685 3122 idem
712 3079 775 3123 rex
804 3062 941 3142 publice
967 3069 1179 3144 protestatus
1208 3073 1262 3130 est

313 3178 429 3223 coram
457 3161 519 3237 eiS,
552 3179 693 3240 regnum
723 3159 863 3241 Angliae
889 3163 1022 3226 ratione
1045 3162 1187 3227 dominii
1216 3166 1261 3229 ad

314 3259 508 3324 Romanam
536 3259 717 3323 eeclesiam
741 3261 938 3342 specialiter
960 3263 1144 3345 pertinere,
1171 3265 1263 3329 unde

313 3379 376 3424 nec
393 3360 507 3441 potnit
521 3378 584 3423 nec
598 3358 717 3423 debuit
732 3368 859 3441 praeter
870 3363 1116 3428 conscientiam
1131 3363 1263 3428 domini

311 3477 412 3540 papae
434 3459 477 3522 de
495 3478 585 3523 novo
608 3459 739 3541 aliquid
762 3467 913 3525 statuere
930 3461 986 3524 vel
1011 3462 1196 3544 quicquam
1225 3465 1261 3527 in

311 3557 387 3640 ejus
406 3558 643 3642 praejudicium
666 3559 701 3620 in
718 3578 823 3640 regno
838 3561 1031 3625 immutare.
1086 3561 1261 3640 Quocirca

310 3676 400 3733 cum,
417 3658 622 3740 interposita
647 3657 891 3741 appellatione,
914 3661 1065 3743 seipsum
1087 3669 1123 3725 et
1144 3664 1260 3728 omnia

304 3755 387 3837 jura
411 3758 507 3839 regni
531 3757 585 3820 sui
609 3759 674 3821 sub
699 3761 913 3840 protectione
938 3761 1030 3824 sedis
1056 3761 1258 3844 apostolice

344 3921 507 3993 ¹Habeotis.]
525 3926 550 3974 It
566 3940 683 3988 appears,
699 3926 769 3975 how·
837 3925 983 3976 ²Steteruut
998 3929 1083 3978 Romoe
1096 3964 1103 3979 .
1116 3966 1123 3980 .
1136 3966 1143 3982 .
1156 3967 1163 3981 .
1175 3933 1259 3982 nautii

307 4006 375 4056 orer,
384 3994 440 4043 that
456 4000 483 4044 at
498 3995 550 4044 this
565 3996 681 4045 timebis
697 3995 769 4046 heart
792 3997 861 4059 rega
868 3993 1035 4066 Auginum]
1057 4000 1195 4064 Pandulph
1208 4004 1259 4052 and

306 4077 361 4112 was
373 4079 402 4113 so
412 4066 477 4114 little
489 4066 514 4113 in
531 4065 572 4114 the
590 4080 667 4115 cause
683 4066 712 4115 oi
725 4067 768 4116 the
792 4068 894 4129 otbers3
910 4082 953 4117 see
969 4065 1061 4118 John's
1077 4072 1151 4121 letter
1164 4073 1192 4121 in
1207 4075 1260 4135 Ry-

305 4132 406 4195 baroos,
417 4134 472 4183 that
483 4135 515 4184 he
531 4134 633 4184 refused
645 4141 670 4185 to
681 4138 767 4186 attend
792 4152 854 4200 mer,
865 4139 883 4187 i.
894 4154 920 4199 p.
935 4142 991 4188 1³⁵.

305 4202 347 4251 the
355 4207 520 4254 tournament.
