2858 4876
423 410 561 459 sunaus
585 409 853 457 msroamauru.
1046 391 1112 456 267

163 587 245 632 num
267 586 375 649 reguo
397 566 484 633 adeo
507 565 667 643 invaluit,
691 572 820 630 utnon
842 564 917 650 jam
938 564 975 629 in
997 564 1113 630 occul·
1124 578 1246 670 *fidia

164 676 213 745 to,
239 668 330 732 sicut
352 667 447 744 alibi,
475 666 663 748 nequitiam
686 684 782 729 suam
807 672 1021 742 exercerent,
1051 664 1112 728 sed
1123 679 1250 780 mfflqqqulg

164 786 312 833 errorem
342 786 443 831 suum
470 766 607 850 publice
631 772 863 848 proponentes
893 764 936 830 ad
970 783 1114 829 consen·
1251 754 1257 768 ’

164 887 241 931 sum
275 886 376 931 suum
408 866 583 949 simplices
616 865 830 930 attraherent
865 873 900 929 et
933 865 1113 942 infirmos;

165 967 329 1030 dicuntur
352 973 469 1031 autem
487 964 694 1047 Albigenses
711 966 756 1029 ab
774 963 867 1029 Alba
884 965 1037 1041 civitate,
1057 964 1114 1027 ubi

167 1085 263 1130 error
288 1066 347 1130 ille
378 1066 505 1130 dicitur
534 1065 722 1148 sumpsisse
751 1065 940 1129 exordium.
1009 1064 1115 1129 Cum-

167 1185 235 1248 que
263 1166 403 1230 teudem
434 1166 573 1230 illomm
605 1165 814 1248 perversitas
844 1165 930 1229 adeo
964 1164 1115 1230 divinam

168 1265 377 1348 contempsit
399 1266 633 1340 severitatem,
655 1271 707 1342 ut,
726 1264 921 1329 videntibus
946 1264 1116 1346 episcopis

169 1373 204 1428 et
226 1365 450 1448 presbyteris,
473 1364 580 1428 libros
611 1363 904 1446 evangeliorum
895 1383 931 1426 m
962 1364 1117 1427 sentinas

169 1465 377 1565 projicerent
410 1471 446 1529 et
468 1463 593 1528 calices
619 1482 697 1526 cum
730 1463 825 1527 vasis
856 1464 964 1528 sacris
994 1465 1030 1526 in
1058 1463 1118 1527 de-

170 1556 325 1646 spectum
348 1563 502 1647 corporis
526 1571 561 1628 et
582 1563 761 1644 sanguinis
781 1562 912 1628 Christi
935 1563 1119 1629 enormiter

170 1663 449 1741 dehonestarent,
489 1681 582 1746 papa
623 1662 861 1741 Innocentius,
891 1664 945 1728 his
978 1662 1119 1738 auditis,

170 1782 241 1827 nou
270 1763 487 1828 mediocriter
518 1761 717 1842 condoluit3
750 1763 822 1846 qui,
851 1763 965 1827 missis
994 1763 1120 1846 praedi-

170 1864 347 1927 catoribus
374 1862 419 1926 ad
443 1881 561 1927 omnes
587 1862 747 1944 regiones
768 1863 968 1941 occidentis,
991 1862 1119 1945 princi-

171 1963 274 2046 pibus
306 1963 452 2045 aliisque
472 1961 626 2045 populis
658 1961 864 2027 Christianis
897 1957 950 2027 ¹in
979 1981 1119 2026 suorum

171 2062 408 2127 remissionem
439 2069 660 2145 peccatorum
688 2061 853 2146 injunxit,
885 2070 924 2127 ut
953 2083 990 2126 se
1018 2082 1120 2126 cruce

172 2161 352 2244 signarent
376 2162 419 2226 ad
440 2161 529 2227 hanc
552 2169 685 2245 pestem
715 2163 986 2244 exstirpandam,
1016 2170 1122 2244 atque

173 2262 282 2338 tantis
311 2261 467 2326 cladibus
497 2280 535 2324 se
565 2268 779 2343 opponentes
802 2262 931 2326 viribus
959 2269 995 2327 et
1016 2262 1122 2326 armis

174 2368 354 2426 tuerentur
376 2361 542 2444 populum
570 2359 828 2441 Christianum3
860 2361 992 2426 addidit
1017 2361 1122 2425 etiam

174 2461 382 2526 auctoritate
397 2461 489 2525 sedis
506 2460 720 2542 apostolicae,
737 2467 777 2525 ut
793 2461 988 2543 quicunque
1005 2459 1048 2524 ad
1065 2481 1124 2524 ex·

175 2560 400 2642 pugnandum
430 2579 490 2625 eos
518 2560 670 2624 laborem
697 2561 763 2624 sibi
789 2561 982 2645 injunctum
1008 2579 1125 2624 susce·

176 2660 301 2742 perint,
320 2660 411 2724 sicut
426 2659 478 2723 illi
495 2660 556 2741 qui
574 2659 793 2741 sepulchrum
813 2661 953 2725 Domini
970 2661 1125 2736 visitant,

179 2759 314 2823 tamin
342 2760 444 2823 rebus
470 2778 574 2841 quam
602 2759 639 2822 in
668 2760 824 2841 personis
855 2762 900 2825 ab
926 2760 1019 2824 omni
1045 2759 1126 2824 hos·

178 2859 265 2923 tium
285 2859 481 2922 incursione
500 2865 680 2922 manerent
698 2860 821 2924 securi.
873 2858 930 2924 Ad
951 2860 1042 2925 hauc
1063 2879 1125 2924 au-

177 2966 247 3022 tem
267 2958 547 3040 praedicationem
565 2965 664 3023 tanta
681 2978 782 3022 cruce
800 2960 1014 3040 signatorum
1037 2958 1126 3023 mul·

178 3057 291 3123 titudo
316 3058 490 3134 convenit,
518 3064 650 3140 quanta
673 3077 742 3123 nou
768 3059 920 3124 creditur
943 3061 979 3123 in
1007 3067 1125 3123 nostro

177 3157 317 3222 climate
335 3157 523 3240 aliquando
541 3157 754 3222 convenisse.

103 3358 107 3364 ·
175 3330 226 3395 De
241 3329 371 3395 motione
386 3350 476 3395 cruca
497 3329 690 3414 nunciorum
698 3329 795 3414 foeta
817 3335 925 3394 contra
939 3327 1126 3414 Albiqousos.

246 3453 414 3518 Omnibus
446 3454 555 3536 igitur
586 3455 807 3535 cougregatis
837 3454 942 3518 etad
975 3473 1127 3537 pugnam

178 3553 325 3619 viriliter
364 3554 541 3630 accinctis,
574 3553 853 3635 archiepiscopus
891 3553 1129 3618 Narbonensis
1192 3630 1196 3637 ⁸

179 3661 215 3718 et
239 3653 439 3736 apostolicae
468 3652 560 3717 sedis
584 3653 620 3717 in
647 3652 712 3716 hac
738 3653 958 3735 expeditione
980 3654 1128 3736 legatus,

178 3773 258 3819 cum
291 3754 504 3837 principibus
544 3753 688 3830 militiae,
724 3752 811 3817 duce
846 3753 1006 3818 videlicet
1039 3754 1129 3817 Bur-

179 3853 331 3937 gundiae,
361 3854 487 3918 comite
520 3852 728 3917 Nivernensi
760 3860 796 3916 et
824 3854 950 3918 comite
981 3853 1130 3917 Montis·

216 4026 552 4078 ¹lssuorumremostoaem
561 4042 643 4090 pecca·
669 4029 715 4076 but
737 4033 780 4076 not
802 4045 849 4077 oue
876 4044 943 4090 peuy
971 4045 1002 4077 on
1025 4025 1128 4090 earth3'

179 4099 296 4162 torum]
325 4099 382 4146 ‘To
404 4099 486 4146 whom
510 4097 553 4146 the
578 4113 643 4160 pope
670 4097 739 4159 Holy
751 4099 848 4161 Warre,
859 4096 972 4163 iii.§21.

179 4168 308 4229 promised
339 4168 463 4217 Paradise
490 4168 516 4216 iu
538 4169 643 4228 heaven,
