2858 4876
251 397 255 405 ·
335 383 400 451 204
590 396 726 446 nocem
749 397 797 445 or
820 397 1028 447 wanoovmr

177 576 231 616 Ab.
243 576 299 616 1206.

176 626 260 674 Legend
270 627 295 666 ot

176 675 280 718 Turohlll.

336 575 399 620 ora
415 556 459 621 ad
478 555 650 624 auriculas
667 575 778 640 usque
795 557 1042 640 distorquendo
1061 557 1288 638 dehiscentes·

336 657 447 721 versis
471 656 515 720 ad
538 657 685 722 invicem
707 657 875 736 vultibus,
894 659 1004 724 torvis
1023 677 1061 722 se
1084 658 1193 723 oculis
1210 679 1290 743 per·

336 756 581 838 stringebant3
625 758 786 840 apposita
819 765 936 822 autem
964 766 1047 824 sunt
1075 758 1145 824 duo
1173 761 1289 842 capita

336 855 392 939 cuj
399 856 518 920 usdam
537 855 647 924 bastae
667 856 821 922 ardentis
840 857 877 921 in
894 859 1159 942 cremansque,
1183 879 1288 943 quam

336 957 636 1046 commasticantes
662 977 703 1022 ac
730 976 789 1022 ore
818 957 965 1024 distorto
991 959 1211 1024 corrodentes
1234 981 1290 1025 ce-

336 1056 454 1121 leriter
490 1056 533 1120 ad
566 1057 787 1123 medietatem
822 1057 932 1124 bastae
967 1060 1289 1142 appropinquantes

336 1164 580 1239 pervenerunt,
610 1157 728 1240 sicque
756 1176 832 1222 sese
864 1165 985 1223 mutuo
1010 1158 1181 1224 laniantes
1212 1162 1289 1225 vul-

336 1263 413 1324 tum
426 1276 525 1321 suum
542 1262 654 1323 totum
668 1257 884 1323 masticando
897 1260 1138 1351 cruentabant.

579 1432 629 1497 Dc
635 1429 770 1516 faribus
786 1441 815 1497 ct
831 1431 1047 1496 incendiariis.

387 1554 539 1622 Adducti
565 1564 647 1621 sunt
670 1556 762 1621 inter
785 1564 930 1621 caeteros
954 1555 1060 1633 fures,
1085 1554 1289 1619 incendiarii

337 1664 372 1721 et
392 1676 568 1721 sacrorum
590 1656 777 1722 violatores
803 1657 971 1735 locorum,
990 1656 1050 1739 qui
1075 1674 1097 1719 a
1121 1656 1289 1721 ministris

337 1757 499 1822 tartareis
521 1757 626 1840 positi
647 1764 730 1822 sunt
752 1776 857 1840 super
875 1763 972 1821 rotas
992 1755 1121 1820 ferreas
1142 1763 1177 1820 et
1198 1757 1291 1838 igni·

339 1865 405 1936 tas,
435 1856 564 1922 aculeis
594 1858 805 1941 sudibusque
836 1855 971 1934 affixas,
1003 1875 1081 1938 quae
1107 1875 1152 1919 ex
1182 1856 1289 1920 nimia

268 2003 270 2008 -
337 1959 561 2026 succensione
575 1960 717 2025 imbrem
738 1959 879 2042 igneum
901 1955 1159 2037 scintillabant3
1184 1974 1290 2040 super

337 2058 400 2123 bas
422 2058 541 2142 itaque
564 2061 679 2124 miseri
698 2059 846 2126 volutati
871 2056 1063 2123 cruciatum
1091 2055 1289 2121 horrificum

337 2148 580 2242 perferebant(

599 2289 601 2296 ·
669 2257 718 2322 Dc
733 2247 960 2324 mercatoribus.

389 2372 514 2439 Adfuit
532 2374 613 2439 huic
632 2373 781 2438 ludibrio
803 2379 838 2437 et
857 2379 1028 2438 mercator
1050 2390 1127 2437 cum
1149 2375 1289 2439 stateris

339 2483 375 2540 ot
392 2475 599 2559 ponderibus
620 2473 761 2551 dolosis,
782 2492 915 2538 necnon
937 2481 973 2539 et
989 2473 1053 2552 illi,
1071 2472 1132 2555 qui
1152 2492 1288 2556 pannos

340 2596 449 2642 novos
480 2577 516 2640 in
543 2575 701 2640 tentoriis
734 2574 785 2639 ita
811 2573 1031 2638 vehementer
1059 2572 1226 2637 trahendo
1252 2575 1290 2637 in

339 2676 480 2757 longum
504 2675 704 2740 distendunt
728 2682 763 2739 et
778 2674 909 2753 latum,
933 2682 972 2739 ut
994 2673 1055 2738 fila
1082 2681 1290 2757 rumpantur

340 2782 375 2839 et
399 2775 551 2843 scissura
573 2774 644 2852 fiat,
667 2775 904 2857 scissurasque
927 2773 1102 2838 subtiliter
1119 2793 1291 2838 consuen-

340 2882 393 2938 tes
416 2894 549 2958 pannos
573 2875 651 2939 illos
678 2874 765 2938 locis
784 2873 940 2940 vendunt
959 2875 1200 2952 subobscuris3
1229 2875 1289 2940 isti

339 2976 382 3039 de
412 2976 550 3040 sedibus
574 2975 786 3039 truculenter
813 2975 924 3039 evulsi
951 2974 1117 3038 scelerum
1146 2993 1288 3039 suorum

337 3083 459 3157 gestus
488 3077 618 3158 priores
645 3074 689 3138 ad
713 3074 937 3156 ignominiam
961 3081 996 3138 et
1018 3093 1199 3156 poenarum
1225 3095 1288 3158 ag·

339 3175 575 3256 gravationem
591 3175 719 3238 iterare
739 3176 964 3256 cogebantur,
979 3180 1015 3237 et
1029 3174 1181 3251 tandem,
1196 3176 1288 3241 sicut

336 3275 489 3338 diximus
515 3274 558 3338 de
582 3275 828 3356 superioribus,
858 3294 880 3339 a
908 3274 1121 3338 daemonibus
1146 3282 1289 3359 torque·

338 3376 475 3439 bantur.

444 3526 494 3589 Dc
502 3535 597 3612 pateo
608 3526 770 3613 pciccnuii
786 3535 813 3590 ct
828 3525 983 3591 caldariis
991 3524 1179 3612 poeccl'dus.

278 3646 285 3653 ’
346 3717 348 3720 ,
403 3649 504 3715 Vidit
526 3658 694 3734 praeterea
719 3651 864 3716 eductus
888 3651 960 3730 ille,
983 3670 1085 3716 secus
1107 3651 1289 3717 introitum

338 3749 462 3814 inferni
489 3753 674 3829 inferioris,
705 3752 805 3834 quasi
841 3759 991 3834 quatuor
1024 3753 1171 3834 plateas,
1200 3772 1288 3834 qua·

338 3869 413 3912 rum
441 3852 552 3933 prima
574 3853 772 3917 innumeras
797 3852 953 3916 fornaces
982 3851 1132 3917 babebat
1154 3859 1188 3916 et
1214 3853 1287 3916 cal-

338 3948 453 4015 darias
487 3951 620 4035 amplas
651 3959 687 4016 et
718 3953 820 4028 latas,
854 3952 930 4035 pice
962 3952 1108 4018 ferventi
1138 3959 1174 4016 et
1209 3953 1288 4017 aliis

337 4050 581 4133 liquaminibus
613 4053 657 4117 ad
688 4072 857 4116 summum
893 4072 1003 4135 usque
1037 4052 1212 4136 repletas;
1251 4054 1288 4118 iu

337 4152 483 4234 singulis
511 4164 626 4218 autem
653 4153 778 4220 animae
807 4162 981 4234 cong-estre
1009 4153 1134 4222 acriter
1165 4153 1292 4223 bullie-
