2858 4876
421 396 560 444 rnoass
584 397 854 449 ursrorusauu.
1046 384 1112 448 271

163 549 244 615 licet
275 553 570 639 archiepiscopum
603 556 879 635 Santionensem,
913 558 1112 640 episcopum
1124 566 1249 657 gfflu-

164 651 402 732 Forulensem,
419 656 655 720 vicecomitem
679 659 791 723 sancti
813 658 981 722 Florentii
999 665 1035 721 et
1050 656 1112 720 do·
1124 666 1257 768 ffiffi

163 752 292 815 minum
312 752 503 819 Accaldum
529 756 572 819 de
596 757 810 835 Russillone,
834 758 1038 821 mandantes
1061 757 1112 821 eis

163 859 202 916 ut
226 853 402 919 traderent
429 854 610 921 haereticos
634 857 788 922 civitatis
813 858 981 922 exercitui
1010 876 1113 922 cruce

163 951 379 1034 signatorum
401 962 437 1019 et
458 956 549 1020 bona
578 975 709 1021 eorum.
773 956 877 1036 Quod
899 958 929 1020 si
952 956 1041 1021 forte
1060 957 1113 1020 di-

163 1060 281 1116 cerent
294 1053 388 1135 ipsos
403 1075 474 1119 non
489 1075 565 1120 esse
587 1055 780 1134 haereticos
799 1057 956 1122 venirent
971 1056 1034 1134 illi,
1052 1056 1112 1138 qui

164 1153 277 1216 notati
312 1152 451 1219 fuerant
486 1161 522 1218 et
553 1156 755 1220 nominatim
792 1156 961 1239 expressi,
996 1174 1113 1219 coram

164 1252 258 1315 omni
288 1254 455 1331 exercitu,
484 1255 585 1318 fidem
617 1274 717 1319 suam
747 1258 937 1321 secundum
967 1254 1114 1320 Christi·

163 1369 266 1415 auam
308 1355 591 1420 consuetudinem
632 1357 840 1438 purgaturi3
893 1363 940 1434 et,
975 1356 1005 1419 si
1048 1354 1114 1418 hoc

164 1450 278 1516 facere
313 1461 526 1532 recusarent,
566 1455 905 1521 excommunicarent
936 1475 999 1539 per
1038 1474 1115 1518 eas-

164 1551 241 1616 dem
270 1552 390 1617 literas
421 1553 581 1618 consules
613 1562 648 1619 et
673 1555 889 1622 consiliarios
919 1574 1049 1631 eorum,
1079 1562 1116 1618 et

164 1658 273 1716 totam
297 1653 417 1718 villam
440 1653 673 1719 Tholosanam
702 1676 781 1720 cum
805 1656 1017 1740 appendiciis
1043 1654 1115 1717 suis

165 1752 398 1819 ecclesiastico
436 1763 671 1837 supponerent
703 1756 900 1822 interdicto.
966 1748 1115 1818 lEodem

165 1869 256 1916 auno
271 1851 494 1935 G[aufridus]
505 1854 724 1934 filius-Petri,
738 1855 878 1940 Angliae
885 1853 1115 1941 justiciarius,

166 1953 319 2017 secundo
337 1953 415 2017 idus
436 1953 599 2018 Octobris
621 1955 711 2019 diem
730 1957 856 2022 clausit
871 1950 1094 2020 ²extremum.

252 2127 302 2190 Dc
316 2136 410 2192 morie
423 2128 503 2214 repis
520 2130 724 2214 Arrcpoaam
740 2127 829 2212 opud
842 2125 965 2190 Mureti
1018 2173 1025 2188 .
1101 2101 1104 2106 ⁵

210 2245 297 2314 His³
312 2253 536 2335 temporibus,
552 2261 632 2336 post
641 2252 897 2316 coronationem
908 2250 1000 2332 regis
1009 2249 1117 2315 Arra-

166 2371 295 2433 gonum
317 2352 361 2416 ab
382 2351 589 2418 Innocentio
608 2372 701 2436 papa
716 2352 839 2416 Romae
854 2352 994 2428 factam,
1011 2357 1047 2415 et
1063 2349 1116 2414 iu·

166 2450 367 2515 bibitionem
385 2452 678 2517 districtissimam
699 2471 743 2516 ne
765 2450 913 2515 inimicis
933 2451 1014 2515 iidei
1035 2469 1117 2513 con·

166 2550 294 2628 silium,
309 2552 478 2616 auxilium
495 2560 678 2635 praestaret
686 2552 743 2616 vel
757 2552 923 2627 favorem,
934 2551 1025 2614 idem
1042 2570 1117 2626 ren,

166 2650 216 2734 pii
238 2651 348 2733 patris
371 2652 617 2717 correctionem
640 2672 717 2715 cum
741 2652 925 2716 devotione
948 2670 1018 2713 non
1040 2668 1116 2713 sus·

166 2750 310 2833 cipiens,
333 2759 454 2816 contra
474 2752 674 2816 mandatum
698 2752 927 2834 apostolicum
957 2756 1117 2832 proterve

166 2850 386 2916 recalcitrare
402 2853 509 2936 coepit
525 2872 533 2931 ;
558 2865 651 2929 nam,
667 2852 826 2937 protinus
840 2871 917 2915 cum
934 2850 1058 2912 fuisset
1073 2848 1116 2911 ad

165 2951 307 3033 propria
321 2971 491 3028 reversus
505 2951 676 3016 haereticis
693 2951 948 3017 confoederatus
962 2950 997 3012 in
1012 2955 1118 3023 terra,

166 3070 246 3133 quae
267 3070 330 3134 per
346 3052 511 3117 virtutem
526 3052 594 3115 Dei
616 3060 651 3116 et
667 3071 769 3116 cruce
790 3052 1006 3134 signatorum
1029 3067 1117 3112 aux-

203 3259 312 3312 ¹Eodem
325 3266 409 3328 oum]
427 3265 503 3314 Paris
520 3266 543 3314 is
560 3280 628 3315 more
689 3258 889 3331 'Eoebemam.]
927 3263 1002 3311 Paris
1028 3261 1120 3310 inserts

165 3331 215 3382 suu
225 3333 253 3382 in
263 3333 303 3384 his
314 3341 421 3384 account
428 3335 458 3384 of
464 3335 508 3385 the
518 3335 595 3385 death
603 3336 633 3384 oi
654 3336 714 3384 bere
724 3335 768 3384 the
780 3340 858 3395 story,
864 3333 949 3381 which
961 3332 993 3380 be
1004 3332 1119 3381 declares

167 3403 322 3454 riupear.
369 3405 412 3454 He
435 3419 495 3467 says
511 3405 567 3454 that
585 3405 628 3454 the
654 3405 709 3454 that
720 3406 752 3454 he
772 3403 888 3453 received
904 3402 967 3450 irom
985 3401 1123 3451 Robertoi

166 3473 241 3536 iring,
256 3475 387 3524 aboveall
404 3489 470 3536 men,
486 3475 572 3537 hated,
583 3477 630 3525 but
655 3475 768 3535 London,
779 3489 826 3523 one
842 3473 871 3522 of
882 3473 924 3521 the
938 3472 1083 3520 emissaries
1093 3477 1119 3520 to

166 3542 255 3594 feured
265 3544 331 3605 him;
342 3545 393 3594 and
403 3544 478 3606 adds,
484 3545 548 3608 that,
555 3546 629 3594 when
654 3546 697 3595 the
713 3545 784 3606 emir,
802 3542 964 3592 Mohammed
976 3543 1000 3591 el
1016 3542 1118 3605 Nassir,

135 3634 140 3642 ·
167 3614 236 3664 John
247 3614 326 3663 heard
336 3614 366 3663 of
373 3615 414 3664 his
424 3615 510 3676 death,
521 3615 553 3665 be
565 3615 631 3677 said,
654 3616 684 3664 of
691 3609 781 3665 John‘s
797 3613 903 3675 offering
913 3617 939 3660 io
956 3611 1118 3660 Mohammed

162 3685 174 3713 ⁴
188 3684 241 3733 Per
250 3684 329 3746 pedes
341 3685 455 3745 Domini,
466 3699 532 3734 nunc
549 3686 630 3747 primo
655 3686 697 3734 the
705 3685 826 3746 kingdom
832 3682 861 3731 oi
866 3682 993 3743 Engiand,
1001 3680 1051 3730 and
1060 3697 1117 3742 pro·

168 3769 225 3804 sum
248 3769 294 3804 rex
313 3761 340 3804 et
356 3755 473 3804 dominus
498 3751 630 3817 Angiiaei’
655 3751 1120 3816 misinghimseiftoembracethoMo·

169 3825 212 3873 He
228 3839 284 3874 was
300 3825 441 3875 succeeded
458 3827 492 3887 by
505 3825 582 3874 Peter
598 3826 631 3874 de
656 3825 805 3874 hammedan
821 3823 894 3872 saith.
931 3823 979 3871 See
996 3821 1119 3885 Lingard,

168 3894 277 3956 lioches,
303 3895 394 3956 bishop
416 3895 445 3944 oi
463 3895 631 3956 Winchester,
655 3896 693 3944 iii.
703 3911 730 3957 p.
741 3898 789 3955 273
806 3893 915 3956 Tyrrell,
926 3908 952 3954 p.
965 3895 1022 3941 ⁷62.

166 3964 448 4014 ‘submurmurantibus
466 3965 543 4014 totius
560 3965 631 4027 regni

167 4034 324 4096 proceribus,
332 4036 399 4096 quod
407 4035 632 4097 bomoalienigena
691 4032 765 4082 ³His
787 4030 964 4096 temporibus]
996 4030 1120 4092 Compare

167 4104 206 4153 eis
232 4105 404 4165 praeficeretur
418 4101 437 4166 ;’
465 4106 632 4169 Coggesbaie,
658 4105 738 4168 Brito,
748 4120 775 4166 p.
785 4107 827 4155 92.
