2858 4876
430 413 568 463 1101111
593 413 862 464 msronmnun.
1052 403 1118 467 277

175 645 373 710 Irmoccatics
380 667 473 732 popa
489 599 639 723 Nicoluo,
656 645 877 710 Tusculanam
891 648 1038 732 11110110,
1046 607 1110 734 pro

229 778 232 785 ·
480 745 661 811 accentibus
674 747 814 810 1001111111.

175 915 179 919 -
226 867 358 932 Eodem
389 878 543 954 tempore
575 871 801 937 Innocentius
831 891 924 955 papa
955 872 1115 948 Nicolao,
1128 893 1253 962 111111.

165 969 366 1052 apostolicae
398 971 490 1035 sedis
519 971 659 1054 legato,
674 972 793 1036 literas
820 973 884 1036 sub
916 971 982 1036 hac
1007 944 1251 1038 sormallt‘d'ili'

167 1066 316 1148 direxit3
347 1069 456 1134 ‘Cum
479 1090 549 1135 non
571 1073 683 1155 possit
702 1072 856 1136 ecclesiis
880 1072 1021 1136 Domini
1044 1093 1116 1136 me·
1129 1045 1235 1084 mm

165 1166 233 1230 lius
255 1168 440 1250 provideri,
460 1190 566 1253 quam
587 1172 687 1236 sicis
707 1179 864 1254 pastores
884 1171 1117 1254 praeficiantur

165 1266 291 1344 idonei,
309 1269 370 1351 qui
391 1278 550 1334 nontam
573 1290 723 1355 praeesse
739 1273 880 1354 cupiant
895 1290 999 1354 quam
1015 1273 1115 1355 prod·

164 1384 252 1444 esse,
275 1366 484 1434 fraternitati
513 1378 595 1448 tuae,
619 1372 662 1437 de
690 1390 760 1454 qua
789 1370 927 1454 plenam
954 1371 1115 1436 fiduciam

166 1466 373 1545 obtinemus,
410 1490 472 1552 per
505 1472 697 1554 apostolica
729 1471 859 1555 scripta
899 1472 1115 1549 mandamus,

165 1573 337 1648 quatenus
368 1569 588 1653 episcopatus
615 1578 650 1636 et
678 1571 836 1636 abbatias
860 1569 1000 1652 Angliae
1025 1591 1115 1636 nunc

165 1674 330 1732 vacantes
345 1667 453 1733 facias
470 1690 548 1735 cnm
563 1679 625 1737 tuo
640 1671 784 1737 consilio
803 1669 846 1735 de
868 1670 1024 1753 personis
1041 1670 1116 1737 ido-

166 1765 241 1829 neis
258 1787 321 1851 per
342 1770 543 1835 electionem
557 1771 614 1838 vel
628 1770 896 1855 postulationem
913 1771 1116 1834 canonicam

166 1866 331 1960 ordinari,
354 1870 414 1954 qui
436 1889 505 1933 non
524 1870 636 1934 solum
651 1871 725 1934 vita
746 1870 805 1934 sed
829 1876 865 1933 et
884 1870 1030 1934 scientia
1047 1871 1116 1935 sint

165 1967 336 2048 praeclari,
353 1971 589 2034 verumetiam
605 1970 680 2052 regi
701 1968 820 2033 fideles
840 1976 875 2033 et
889 1987 996 2050 regno
1014 1970 1116 2034 utiles

166 2085 301 2130 necnon
325 2068 370 2132 ad
395 2069 562 2132 anxihum
593 2076 628 2133 et
654 2068 836 2133 consilium
866 2067 1033 2146 efficaces,
1062 2089 1117 2133 as-

167 2183 269 2229 sensu
289 2168 386 2250 10110
402 2169 579 2251 requisito.
625 2168 712 2233 Cum
735 2188 819 2250 ergo
837 2169 1036 2232 vacantium
1059 2188 1115 2233 ec-

164 2265 345 2329 clesiarum
363 2268 526 2351 capitulis
541 2270 667 2352 nostris
689 2269 800 2333 literis
821 2268 996 2332 demusin
1018 2288 1115 2332 man·

166 2366 271 2443 datis,
297 2374 336 2431 ut
355 2374 416 2432 tuo
443 2369 587 2434 consilio
607 2369 845 2451 adquiescant,
869 2375 906 2431 tu
927 2368 1115 2431 Dominum

162 2465 297 2530 habens
316 2486 389 2551 prae
411 2470 520 2533 oculis
543 2468 704 2534 consulas
726 2487 830 2551 super
852 2466 905 2530 his
921 2468 1013 2531 viros
1035 2487 1115 2550 pro·

165 2565 265 2631 vidos
293 2574 329 2631 et
351 2567 526 2646 honestos,
551 2570 611 2651 qui
630 2569 730 2652 plene
753 2568 869 2632 norint
893 2567 1016 2632 merita
1039 2587 1117 2649 per·

166 2684 341 2745 sonarum,
365 2687 408 2731 ne
431 2675 465 2732 te
489 2669 694 2752 cujusquam
716 2668 847 2732 astutia
877 2667 1116 2731 circumveniri

166 2768 368 2849 contingat;
392 2768 423 2830 si
444 2769 604 2850 quivero
624 2768 895 2832 contradictores
916 2766 1045 2830 fuerint
1060 2766 1116 2831 vel

160 2866 321 2944 rebelles,
338 2875 377 2931 tu
394 2887 454 2931 eos
476 2887 538 2951 per
561 2888 741 2932 censuram
757 2867 1038 2942 ecclesiasticam,
1054 2885 1116 2947 ap·

165 2965 352 3048 pellatione
373 2974 518 3045 remota,
543 2968 741 3049 compellas.
794 2966 924 3029 Datum
951 2965 1116 3029 Laterani

165 3063 322 3130 kalendis
340 3066 562 3144 Novembris,
584 3067 805 3150 pontificatus
822 3064 931 3128 nostri
950 3083 1041 3127 anno
1059 3064 1116 3128 de·

158 3164 255 3228 -cimo
285 3166 410 3231 sexto?
462 3167 616 3248 Legatus
638 3185 787 3250 quoque,
812 3184 890 3228 cum
918 3162 1115 3247 hujusmodi

165 3264 401 3330 authenticum
426 3285 448 3329 a
475 3266 613 3331 domino
640 3285 731 3349 papa
755 3264 956 3346 accepisset,
981 3255 1115 3345 ¹spreto

156 3364 416 3448 ¹archiepiscopi
429 3372 465 3430 et
481 3367 721 3449 episcoporum
740 3363 838 3446 regni
857 3361 1014 3439 consilio,
1037 3376 1115 3426 cum

165 3464 297 3527 clericis
323 3465 415 3548 regis
438 3473 474 3530 et
495 3465 661 3530 ministris
686 3465 730 3529 ad
755 3469 921 3529 vacantes
946 3462 1116 3526 accedens

165 3564 342 3643 ecclesias,
375 3564 609 3630 ordinationes
649 3583 767 3629 earum
805 3561 993 3627 secuudum
1028 3562 1118 3626 anti·

201 3763 307 3832 ¹Spreto
322 3766 495 3830 archiepiscopi
506 3767 630 3830 11111101-
654 3767 680 3814 in
690 3764 892 3826 recommending
902 3765 974 3814 those
985 3764 1067 3812 whom
1084 3762 1116 3811 he

162 3853 249 3903 porum
265 3839 337 3900 regni
353 3837 475 3900 emilia]
492 3838 589 3887 Walter
604 3837 633 3886 oi
654 3836 740 3885 would
751 3837 815 3884 bave
830 3833 977 3897 appointed.
1004 3833 1059 3882 The
1070 3833 1118 3881 fill·

165 3909 292 3969 Coventry
314 3921 384 3968 says,
403 3907 458 3956 that
479 3907 522 3956 the
539 3912 630 3956 vacant
654 3907 698 3968 ing
714 3921 749 3967 up
766 3905 880 3954 otthone
897 3919 953 3954 sees
963 3917 1018 3952 was
1030 3916 1117 3952 conse·

164 3977 306 4040 bishoprics
335 3977 364 4025 of
393 3977 475 4038 York,
504 3976 630 4037 Durham,
654 3976 758 4036 quently
777 3974 894 4024 deferred
907 3974 972 4022 until
989 3974 1010 4021 it
1024 3971 1116 4020 should

164 4047 298 4108 Lichtield,
317 4046 368 4096 and
386 4047 481 4109 others,
500 4061 568 4095 were
587 4051 630 4095 not
654 4047 685 4095 be
702 4046 794 4107 agreed
812 4049 838 4094 at
855 4045 934 4093 Rome
945 4043 1015 4092 what
1025 4056 1080 4091 was
1091 4046 1117 4089 to

165 4134 223 4167 now
235 4117 304 4166 filled
318 4131 364 4178 up,
380 4118 489 4166 because
506 4116 549 4164 the
567 4116 630 4178 king
654 4115 773 4165 hedone.

164 4188 298 4250 persisted,
320 4186 455 4248 according
475 4192 500 4235 to
524 4191 630 4248 custom,
