<?xml version="1.0" encoding="UTF-8"?>
<!DOCTYPE html PUBLIC "-//W3C//DTD XHTML 1.0 Transitional//EN"
    "http://www.w3.org/TR/xhtml1/DTD/xhtml1-transitional.dtd">
<html xmlns="http://www.w3.org/1999/xhtml" xml:lang="en" lang="en">
 <head>
  <title>
</title>
<meta http-equiv="Content-Type" content="text/html;charset=utf-8" />
  <meta name='ocr-system' content='tesseract 3.04.00' />
  <meta name='ocr-capabilities' content='ocr_page ocr_carea ocr_par ocr_line ocrx_word'/>
</head>
<body>
  <div class='ocr_page' id='page_1' title='image "./rogeridewendove06rogegoog_0360.png"; bbox 0 0 2858 4876; ppageno 0'>
   <div class='ocr_carea' id='block_1_1' title="bbox 431 403 1117 468">
    <p class='ocr_par' dir='ltr' id='par_1_1' title="bbox 431 403 1117 468">
     <span class='ocr_line' id='line_1_1' title="bbox 431 403 1117 468; baseline 0.006 -4"><span class='ocrx_word' id='word_1_1' title='bbox 431 416 572 465; x_wconf 79' lang='lat' dir='ltr'><strong>monus</strong></span> <span class='ocrx_word' id='word_1_2' title='bbox 594 416 865 466; x_wconf 80' lang='lat' dir='ltr'><strong>ursronmauu.</strong></span> <span class='ocrx_word' id='word_1_3' title='bbox 1052 403 1117 468; x_wconf 80' lang='lat'><strong>351</strong></span> 
     </span>
    </p>
   </div>
   <div class='ocr_carea' id='block_1_2' title="bbox 166 571 1253 856">
    <p class='ocr_par' dir='ltr' id='par_1_2' title="bbox 166 571 1253 856">
     <span class='ocr_line' id='line_1_2' title="bbox 167 571 1253 662; baseline 0.004 -28"><span class='ocrx_word' id='word_1_4' title='bbox 167 571 277 637; x_wconf 89' lang='lat' dir='ltr'><strong>litatis</strong></span> <span class='ocrx_word' id='word_1_5' title='bbox 296 572 495 656; x_wconf 88' lang='lat' dir='ltr'><strong>juramento</strong></span> <span class='ocrx_word' id='word_1_6' title='bbox 525 575 568 639; x_wconf 91' lang='lat' dir='ltr'><strong>de</strong></span> <span class='ocrx_word' id='word_1_7' title='bbox 595 575 689 640; x_wconf 88' lang='lat' dir='ltr'><strong>fideli</strong></span> <span class='ocrx_word' id='word_1_8' title='bbox 721 577 899 660; x_wconf 88' lang='lat' dir='ltr'><strong>obsequio,</strong></span> <span class='ocrx_word' id='word_1_9' title='bbox 930 578 1253 662; x_wconf 65' lang='lat' dir='ltr'><strong>literasqueannnr.</strong></span> 
     </span>
     <span class='ocr_line' id='line_1_3' title="bbox 166 673 1116 754; baseline 0.011 -19"><span class='ocrx_word' id='word_1_10' title='bbox 166 679 324 754; x_wconf 89' lang='lat' dir='ltr'><strong>patentes</strong></span> <span class='ocrx_word' id='word_1_11' title='bbox 352 673 395 738; x_wconf 90' lang='lat' dir='ltr'><strong>de</strong></span> <span class='ocrx_word' id='word_1_12' title='bbox 418 674 644 740; x_wconf 70' lang='lat' dir='ltr'><strong>indemnitate</strong></span> <span class='ocrx_word' id='word_1_13' title='bbox 668 677 820 740; x_wconf 89' lang='lat' dir='ltr'><strong>omnium</strong></span> <span class='ocrx_word' id='word_1_14' title='bbox 838 698 952 745; x_wconf 88' lang='lat' dir='ltr'><strong>rerum</strong></span> <span class='ocrx_word' id='word_1_15' title='bbox 975 699 1116 745; x_wconf 86' lang='lat' dir='ltr'><strong>suarum</strong></span> 
     </span>
     <span class='ocr_line' id='line_1_4' title="bbox 167 775 928 856; baseline 0.011 -21"><span class='ocrx_word' id='word_1_16' title='bbox 167 778 203 835; x_wconf 89' lang='lat' dir='ltr'><strong>et</strong></span> <span class='ocrx_word' id='word_1_17' title='bbox 218 775 473 856; x_wconf 88' lang='lat' dir='ltr'><strong>possessionum</strong></span> <span class='ocrx_word' id='word_1_18' title='bbox 489 775 573 840; x_wconf 87' lang='lat' dir='ltr'><strong>fecit</strong></span> <span class='ocrx_word' id='word_1_19' title='bbox 587 779 745 841; x_wconf 89' lang='lat' dir='ltr'><strong>omnibus</strong></span> <span class='ocrx_word' id='word_1_20' title='bbox 761 778 928 844; x_wconf 83' lang='lat' dir='ltr'><strong>exbiberi.</strong></span> 
     </span>
    </p>
   </div>
   <div class='ocr_carea' id='block_1_3' title="bbox 64 950 1258 4264">
    <p class='ocr_par' dir='ltr' id='par_1_3' title="bbox 203 950 1080 1041">
     <span class='ocr_line' id='line_1_5' title="bbox 203 950 1080 1041; baseline 0.009 -28"><span class='ocrx_word' id='word_1_21' title='bbox 203 951 253 1014; x_wconf 79' lang='lat' dir='ltr'><strong>De</strong></span> <span class='ocrx_word' id='word_1_22' title='bbox 266 950 367 1015; x_wconf 65' lang='lat' dir='ltr'><strong>corias</strong></span> <span class='ocrx_word' id='word_1_23' title='bbox 374 973 543 1038; x_wconf 59' lang='lat' dir='ltr'><strong>mnarum</strong></span> <span class='ocrx_word' id='word_1_24' title='bbox 553 951 724 1039; x_wconf 68' lang='lat' dir='ltr'><strong>pateribus,</strong></span> <span class='ocrx_word' id='word_1_25' title='bbox 739 953 849 1039; x_wconf 79' lang='lat' dir='ltr'><strong>quidue</strong></span> <span class='ocrx_word' id='word_1_26' title='bbox 863 954 1080 1041; x_wconf 65' lang='lat' dir='ltr'><strong>affligebantur</strong></span> 
     </span>
    </p>

    <p class='ocr_par' dir='ltr' id='par_1_4' title="bbox 477 1053 734 1129">
     <span class='ocr_line' id='line_1_6' title="bbox 477 1053 734 1129; baseline 0.012 -14"><span class='ocrx_word' id='word_1_27' title='bbox 477 1122 481 1129; x_wconf 28' lang='lat'><strong><em>¹</em></strong></span> <span class='ocrx_word' id='word_1_28' title='bbox 548 1053 734 1118; x_wconf 70' lang='lat' dir='ltr'><strong>Olrbtrbni.</strong></span> 
     </span>
    </p>

    <p class='ocr_par' dir='ltr' id='par_1_5' title="bbox 166 1176 1258 1663">
     <span class='ocr_line' id='line_1_7' title="bbox 217 1176 1240 1262; baseline 0.001 -21"><span class='ocrx_word' id='word_1_29' title='bbox 217 1176 358 1242; x_wconf 81' lang='lat' dir='ltr'><strong>Interea</strong></span> <span class='ocrx_word' id='word_1_30' title='bbox 381 1178 522 1262; x_wconf 91' lang='lat' dir='ltr'><strong>quidam</strong></span> <span class='ocrx_word' id='word_1_31' title='bbox 547 1179 590 1243; x_wconf 98' lang='lat' dir='ltr'><strong>de</strong></span> <span class='ocrx_word' id='word_1_32' title='bbox 615 1181 769 1244; x_wconf 82' lang='lat' dir='ltr'><strong>exercitu</strong></span> <span class='ocrx_word' id='word_1_33' title='bbox 799 1179 891 1260; x_wconf 89' lang='lat' dir='ltr'><strong>regis</strong></span> <span class='ocrx_word' id='word_1_34' title='bbox 915 1179 961 1243; x_wconf 89' lang='lat' dir='ltr'><strong>ad</strong></span> <span class='ocrx_word' id='word_1_35' title='bbox 982 1179 1114 1244; x_wconf 84' lang='lat' dir='ltr'><strong>Duvin·</strong></span> <span class='ocrx_word' id='word_1_36' title='bbox 1128 1201 1240 1242; x_wconf 58' lang='lat' dir='ltr'><strong>wenna</strong></span> 
     </span>
     <span class='ocr_line' id='line_1_8' title="bbox 166 1253 1258 1362; baseline 0.001 -21"><span class='ocrx_word' id='word_1_37' title='bbox 166 1282 296 1355; x_wconf 87' lang='lat' dir='ltr'><strong>tonam,</strong></span> <span class='ocrx_word' id='word_1_38' title='bbox 311 1279 536 1362; x_wconf 90' lang='lat' dir='ltr'><strong>municipium</strong></span> <span class='ocrx_word' id='word_1_39' title='bbox 553 1279 576 1344; x_wconf 86' lang='lat' dir='ltr'><strong>J</strong></span> <span class='ocrx_word' id='word_1_40' title='bbox 578 1279 726 1344; x_wconf 89' lang='lat' dir='ltr'><strong>ohannis</strong></span> <span class='ocrx_word' id='word_1_41' title='bbox 748 1280 791 1343; x_wconf 88' lang='lat' dir='ltr'><strong>de</strong></span> <span class='ocrx_word' id='word_1_42' title='bbox 809 1279 923 1357; x_wconf 85' lang='lat' dir='ltr'><strong>Lasci,</strong></span> <span class='ocrx_word' id='word_1_43' title='bbox 937 1281 1113 1344; x_wconf 87' lang='lat' dir='ltr'><strong>venientes</strong></span> <span class='ocrx_word' id='word_1_44' title='bbox 1127 1253 1258 1352; x_wconf 45' lang='lat' dir='ltr'><strong>tilii*</strong></span> 
     </span>
     <span class='ocr_line' id='line_1_9' title="bbox 166 1378 1113 1463; baseline 0.004 -23"><span class='ocrx_word' id='word_1_45' title='bbox 166 1395 314 1441; x_wconf 85' lang='lat' dir='ltr'><strong>vacuum</strong></span> <span class='ocrx_word' id='word_1_46' title='bbox 328 1378 413 1441; x_wconf 94' lang='lat' dir='ltr'><strong>illud</strong></span> <span class='ocrx_word' id='word_1_47' title='bbox 427 1380 646 1457; x_wconf 89' lang='lat' dir='ltr'><strong>invenerunt,</strong></span> <span class='ocrx_word' id='word_1_48' title='bbox 663 1381 756 1462; x_wconf 89' lang='lat' dir='ltr'><strong>quod</strong></span> <span class='ocrx_word' id='word_1_49' title='bbox 776 1381 953 1456; x_wconf 88' lang='lat' dir='ltr'><strong>continuo,</strong></span> <span class='ocrx_word' id='word_1_50' title='bbox 968 1380 1113 1463; x_wconf 90' lang='lat' dir='ltr'><strong>jubente</strong></span> 
     </span>
     <span class='ocr_line' id='line_1_10' title="bbox 166 1478 1112 1575; baseline 0.002 -35"><span class='ocrx_word' id='word_1_51' title='bbox 166 1478 541 1575; x_wconf 37' lang='lat' dir='ltr'><strong>rege,·complanatum</strong></span> <span class='ocrx_word' id='word_1_52' title='bbox 563 1488 636 1558; x_wconf 84' lang='lat' dir='ltr'><strong>est;</strong></span> <span class='ocrx_word' id='word_1_53' title='bbox 668 1501 737 1563; x_wconf 89' lang='lat' dir='ltr'><strong>quo</strong></span> <span class='ocrx_word' id='word_1_54' title='bbox 760 1480 866 1557; x_wconf 83' lang='lat' dir='ltr'><strong>facto,</strong></span> <span class='ocrx_word' id='word_1_55' title='bbox 890 1500 965 1556; x_wconf 87' lang='lat' dir='ltr'><strong>rex,</strong></span> <span class='ocrx_word' id='word_1_56' title='bbox 991 1479 1112 1544; x_wconf 85' lang='lat' dir='ltr'><strong>divisis</strong></span> 
     </span>
     <span class='ocr_line' id='line_1_11' title="bbox 166 1577 1113 1663; baseline 0.003 -23"><span class='ocrx_word' id='word_1_57' title='bbox 166 1579 284 1641; x_wconf 87' lang='lat' dir='ltr'><strong>cuneis</strong></span> <span class='ocrx_word' id='word_1_58' title='bbox 301 1577 460 1643; x_wconf 83' lang='lat' dir='ltr'><strong>nefandis</strong></span> <span class='ocrx_word' id='word_1_59' title='bbox 479 1588 595 1662; x_wconf 85' lang='lat' dir='ltr'><strong>partes</strong></span> <span class='ocrx_word' id='word_1_60' title='bbox 613 1581 832 1663; x_wconf 85' lang='lat' dir='ltr'><strong>aquilonares</strong></span> <span class='ocrx_word' id='word_1_61' title='bbox 850 1586 1048 1663; x_wconf 67' lang='lat' dir='ltr'><strong>penetrans</strong></span> <span class='ocrx_word' id='word_1_62' title='bbox 1062 1582 1113 1662; x_wconf 87' lang='lat' dir='ltr'><strong>ig-</strong></span> 
     </span>
    </p>

    <p class='ocr_par' dir='ltr' id='par_1_6' title="bbox 81 1678 1115 3465">
     <span class='ocr_line' id='line_1_12' title="bbox 81 1678 1114 1761; baseline 0.003 -20"><span class='ocrx_word' id='word_1_63' title='bbox 81 1705 84 1709; x_wconf 55' lang='grc'>’</span> <span class='ocrx_word' id='word_1_64' title='bbox 167 1696 245 1742; x_wconf 92' lang='lat' dir='ltr'><strong>nem</strong></span> <span class='ocrx_word' id='word_1_65' title='bbox 268 1679 305 1742; x_wconf 93' lang='lat' dir='ltr'><strong>in</strong></span> <span class='ocrx_word' id='word_1_66' title='bbox 326 1678 479 1744; x_wconf 87' lang='lat' dir='ltr'><strong>aedificiis</strong></span> <span class='ocrx_word' id='word_1_67' title='bbox 499 1681 668 1746; x_wconf 89' lang='lat' dir='ltr'><strong>baronum</strong></span> <span class='ocrx_word' id='word_1_68' title='bbox 690 1680 949 1755; x_wconf 84' lang='lat' dir='ltr'><strong>accumulando,</strong></span> <span class='ocrx_word' id='word_1_69' title='bbox 977 1681 1114 1761; x_wconf 88' lang='lat' dir='ltr'><strong>praedas</strong></span> 
     </span>
     <span class='ocr_line' id='line_1_13' title="bbox 166 1778 1114 1864; baseline 0.001 -22"><span class='ocrx_word' id='word_1_70' title='bbox 166 1779 366 1843; x_wconf 87' lang='lat' dir='ltr'><strong>animalium</strong></span> <span class='ocrx_word' id='word_1_71' title='bbox 383 1780 529 1862; x_wconf 88' lang='lat' dir='ltr'><strong>agendo,</strong></span> <span class='ocrx_word' id='word_1_72' title='bbox 551 1782 664 1864; x_wconf 87' lang='lat' dir='ltr'><strong>spolia</strong></span> <span class='ocrx_word' id='word_1_73' title='bbox 685 1781 863 1863; x_wconf 87' lang='lat' dir='ltr'><strong>rapiendo,</strong></span> <span class='ocrx_word' id='word_1_74' title='bbox 885 1778 1002 1844; x_wconf 91' lang='lat' dir='ltr'><strong>omnia</strong></span> <span class='ocrx_word' id='word_1_75' title='bbox 1024 1778 1114 1843; x_wconf 84' lang='lat' dir='ltr'><strong>ferro</strong></span> 
     </span>
     <span class='ocr_line' id='line_1_14' title="bbox 165 1877 1115 1965; baseline 0.002 -25"><span class='ocrx_word' id='word_1_76' title='bbox 165 1877 375 1957; x_wconf 89' lang='lat' dir='ltr'><strong>devorando,</strong></span> <span class='ocrx_word' id='word_1_77' title='bbox 405 1899 552 1965; x_wconf 87' lang='lat' dir='ltr'><strong>quaeque</strong></span> <span class='ocrx_word' id='word_1_78' title='bbox 576 1883 643 1945; x_wconf 89' lang='lat' dir='ltr'><strong>sibi</strong></span> <span class='ocrx_word' id='word_1_79' title='bbox 665 1882 768 1945; x_wconf 85' lang='lat' dir='ltr'><strong>obvia</strong></span> <span class='ocrx_word' id='word_1_80' title='bbox 791 1880 1007 1944; x_wconf 88' lang='lat' dir='ltr'><strong>devastando</strong></span> <span class='ocrx_word' id='word_1_81' title='bbox 1032 1899 1115 1943; x_wconf 89' lang='lat' dir='ltr'><strong>oon-</strong></span> 
     </span>
     <span class='ocr_line' id='line_1_15' title="bbox 164 1978 1113 2062; baseline 0.001 -20"><span class='ocrx_word' id='word_1_82' title='bbox 164 1979 271 2043; x_wconf 83' lang='lat' dir='ltr'><strong>trivit.</strong></span> <span class='ocrx_word' id='word_1_83' title='bbox 323 1978 584 2062; x_wconf 85' lang='lat' dir='ltr'><strong>Cooperuerunt</strong></span> <span class='ocrx_word' id='word_1_84' title='bbox 601 1982 691 2044; x_wconf 92' lang='lat' dir='ltr'><strong>enim</strong></span> <span class='ocrx_word' id='word_1_85' title='bbox 705 1981 797 2044; x_wconf 89' lang='lat' dir='ltr'><strong>sicut</strong></span> <span class='ocrx_word' id='word_1_86' title='bbox 810 1980 954 2045; x_wconf 66' lang='lat' dir='ltr'><strong>locustae</strong></span> <span class='ocrx_word' id='word_1_87' title='bbox 974 1980 1113 2043; x_wconf 88' lang='lat' dir='ltr'><strong>univer-</strong></span> 
     </span>
     <span class='ocr_line' id='line_1_16' title="bbox 164 2079 1113 2162; baseline 0 -20"><span class='ocrx_word' id='word_1_88' title='bbox 164 2097 239 2142; x_wconf 84' lang='lat' dir='ltr'><strong>sam</strong></span> <span class='ocrx_word' id='word_1_89' title='bbox 270 2080 485 2162; x_wconf 85' lang='lat' dir='ltr'><strong>superficiem</strong></span> <span class='ocrx_word' id='word_1_90' title='bbox 510 2088 612 2145; x_wconf 87' lang='lat' dir='ltr'><strong>terrae</strong></span> <span class='ocrx_word' id='word_1_91' title='bbox 634 2083 788 2145; x_wconf 91' lang='lat' dir='ltr'><strong>membra</strong></span> <span class='ocrx_word' id='word_1_92' title='bbox 809 2080 950 2157; x_wconf 89' lang='lat' dir='ltr'><strong>diaboli,</strong></span> <span class='ocrx_word' id='word_1_93' title='bbox 980 2079 1040 2161; x_wconf 90' lang='lat' dir='ltr'><strong>qui</strong></span> <span class='ocrx_word' id='word_1_94' title='bbox 1069 2080 1113 2143; x_wconf 91' lang='lat' dir='ltr'><strong>ad</strong></span> 
     </span>
     <span class='ocr_line' id='line_1_17' title="bbox 165 2178 1114 2264; baseline 0.001 -21"><span class='ocrx_word' id='word_1_95' title='bbox 165 2178 230 2244; x_wconf 87' lang='lat' dir='ltr'><strong>hoc</strong></span> <span class='ocrx_word' id='word_1_96' title='bbox 244 2187 346 2244; x_wconf 88' lang='lat' dir='ltr'><strong>erant</strong></span> <span class='ocrx_word' id='word_1_97' title='bbox 360 2180 464 2245; x_wconf 90' lang='lat' dir='ltr'><strong>etiarn</strong></span> <span class='ocrx_word' id='word_1_98' title='bbox 481 2201 502 2245; x_wconf 90' lang='lat' dir='ltr'><strong>a</strong></span> <span class='ocrx_word' id='word_1_99' title='bbox 515 2180 656 2246; x_wconf 92' lang='lat' dir='ltr'><strong>remotis</strong></span> <span class='ocrx_word' id='word_1_100' title='bbox 674 2182 830 2264; x_wconf 89' lang='lat' dir='ltr'><strong>partibus</strong></span> <span class='ocrx_word' id='word_1_101' title='bbox 845 2180 1059 2262; x_wconf 82' lang='lat' dir='ltr'><strong>congregati,</strong></span> <span class='ocrx_word' id='word_1_102' title='bbox 1073 2189 1114 2244; x_wconf 91' lang='lat' dir='ltr'><strong>ut</strong></span> 
     </span>
     <span class='ocr_line' id='line_1_18' title="bbox 166 2279 1112 2364; baseline -0.001 -22"><span class='ocrx_word' id='word_1_103' title='bbox 166 2279 318 2344; x_wconf 91' lang='lat' dir='ltr'><strong>delerent</strong></span> <span class='ocrx_word' id='word_1_104' title='bbox 334 2300 356 2344; x_wconf 89' lang='lat' dir='ltr'><strong>a</strong></span> <span class='ocrx_word' id='word_1_105' title='bbox 369 2281 458 2346; x_wconf 86' lang='lat' dir='ltr'><strong>facie</strong></span> <span class='ocrx_word' id='word_1_106' title='bbox 472 2289 574 2347; x_wconf 86' lang='lat' dir='ltr'><strong>terrae</strong></span> <span class='ocrx_word' id='word_1_107' title='bbox 593 2284 636 2345; x_wconf 89' lang='lat' dir='ltr'><strong>ab</strong></span> <span class='ocrx_word' id='word_1_108' title='bbox 651 2282 788 2346; x_wconf 91' lang='lat' dir='ltr'><strong>homine</strong></span> <span class='ocrx_word' id='word_1_109' title='bbox 800 2280 966 2364; x_wconf 89' lang='lat' dir='ltr'><strong>usquead</strong></span> <span class='ocrx_word' id='word_1_110' title='bbox 984 2299 1089 2362; x_wconf 91' lang='lat' dir='ltr'><strong>pecus</strong></span> <span class='ocrx_word' id='word_1_111' title='bbox 1102 2301 1112 2359; x_wconf 80' lang='lat'><em>3</em></span> 
     </span>
     <span class='ocr_line' id='line_1_19' title="bbox 165 2379 1112 2463; baseline 0 -20"><span class='ocrx_word' id='word_1_112' title='bbox 165 2380 396 2445; x_wconf 81' lang='lat' dir='ltr'><strong>discurrentes</strong></span> <span class='ocrx_word' id='word_1_113' title='bbox 425 2383 555 2446; x_wconf 89' lang='lat' dir='ltr'><strong>strictis</strong></span> <span class='ocrx_word' id='word_1_114' title='bbox 585 2383 724 2446; x_wconf 89' lang='lat' dir='ltr'><strong>ensibus</strong></span> <span class='ocrx_word' id='word_1_115' title='bbox 754 2381 935 2463; x_wconf 89' lang='lat' dir='ltr'><strong>ductisque</strong></span> <span class='ocrx_word' id='word_1_116' title='bbox 963 2379 1112 2443; x_wconf 89' lang='lat' dir='ltr'><strong>cultellis</strong></span> 
     </span>
     <span class='ocr_line' id='line_1_20' title="bbox 165 2479 1112 2563; baseline 0 -20"><span class='ocrx_word' id='word_1_117' title='bbox 165 2479 279 2557; x_wconf 84' lang='lat' dir='ltr'><strong>villas,</strong></span> <span class='ocrx_word' id='word_1_118' title='bbox 294 2480 425 2558; x_wconf 78' lang='lat' dir='ltr'><strong>domoS,</strong></span> <span class='ocrx_word' id='word_1_119' title='bbox 436 2484 646 2560; x_wconf 88' lang='lat' dir='ltr'><strong>coemeteria,</strong></span> <span class='ocrx_word' id='word_1_120' title='bbox 662 2482 825 2546; x_wconf 88' lang='lat' dir='ltr'><strong>ecclesias</strong></span> <span class='ocrx_word' id='word_1_121' title='bbox 841 2480 1112 2563; x_wconf 83' lang='lat' dir='ltr'><strong>perlustrabant,</strong></span> 
     </span>
     <span class='ocr_line' id='line_1_21' title="bbox 165 2580 1113 2665; baseline 0 -22"><span class='ocrx_word' id='word_1_122' title='bbox 165 2600 283 2645; x_wconf 91' lang='lat' dir='ltr'><strong>omnes</strong></span> <span class='ocrx_word' id='word_1_123' title='bbox 311 2582 520 2665; x_wconf 86' lang='lat' dir='ltr'><strong>spoliabant,</strong></span> <span class='ocrx_word' id='word_1_124' title='bbox 548 2583 599 2646; x_wconf 89' lang='lat' dir='ltr'><strong>ita</strong></span> <span class='ocrx_word' id='word_1_125' title='bbox 625 2582 762 2665; x_wconf 89' lang='lat' dir='ltr'><strong>quidem</strong></span> <span class='ocrx_word' id='word_1_126' title='bbox 793 2580 885 2664; x_wconf 92' lang='lat' dir='ltr'><strong>qnod</strong></span> <span class='ocrx_word' id='word_1_127' title='bbox 915 2600 978 2643; x_wconf 91' lang='lat' dir='ltr'><strong>neo</strong></span> <span class='ocrx_word' id='word_1_128' title='bbox 1012 2581 1113 2643; x_wconf 86' lang='lat' dir='ltr'><strong>sexui</strong></span> 
     </span>
     <span class='ocr_line' id='line_1_22' title="bbox 165 2680 1115 2765; baseline 0 -22"><span class='ocrx_word' id='word_1_129' title='bbox 165 2681 322 2745; x_wconf 90' lang='lat' dir='ltr'><strong>muliebri</strong></span> <span class='ocrx_word' id='word_1_130' title='bbox 337 2701 400 2745; x_wconf 88' lang='lat' dir='ltr'><strong>nec</strong></span> <span class='ocrx_word' id='word_1_131' title='bbox 416 2682 638 2763; x_wconf 86' lang='lat' dir='ltr'><strong>parvulorum</strong></span> <span class='ocrx_word' id='word_1_132' title='bbox 658 2684 846 2765; x_wconf 87' lang='lat' dir='ltr'><strong>parcebant</strong></span> <span class='ocrx_word' id='word_1_133' title='bbox 863 2681 982 2759; x_wconf 88' lang='lat' dir='ltr'><strong>aetati;</strong></span> <span class='ocrx_word' id='word_1_134' title='bbox 1000 2680 1115 2743; x_wconf 91' lang='lat' dir='ltr'><strong>inimi·</strong></span> 
     </span>
     <span class='ocr_line' id='line_1_23' title="bbox 165 2781 1113 2865; baseline -0.002 -21"><span class='ocrx_word' id='word_1_135' title='bbox 165 2800 224 2844; x_wconf 91' lang='lat' dir='ltr'><strong>cos</strong></span> <span class='ocrx_word' id='word_1_136' title='bbox 237 2800 375 2865; x_wconf 90' lang='lat' dir='ltr'><strong>quoque</strong></span> <span class='ocrx_word' id='word_1_137' title='bbox 390 2782 495 2863; x_wconf 86' lang='lat' dir='ltr'><strong>regis,</strong></span> <span class='ocrx_word' id='word_1_138' title='bbox 509 2783 714 2865; x_wconf 90' lang='lat' dir='ltr'><strong>ubicumque</strong></span> <span class='ocrx_word' id='word_1_139' title='bbox 731 2783 1000 2865; x_wconf 85' lang='lat' dir='ltr'><strong>reperiebantur,</strong></span> <span class='ocrx_word' id='word_1_140' title='bbox 1018 2781 1113 2862; x_wconf 88' lang='lat' dir='ltr'><strong>capti</strong></span> 
     </span>
     <span class='ocr_line' id='line_1_24' title="bbox 165 2881 1113 2966; baseline -0.001 -23"><span class='ocrx_word' id='word_1_141' title='bbox 165 2889 247 2944; x_wconf 90' lang='lat' dir='ltr'><strong>sunt</strong></span> <span class='ocrx_word' id='word_1_142' title='bbox 280 2890 316 2945; x_wconf 91' lang='lat' dir='ltr'><strong>et</strong></span> <span class='ocrx_word' id='word_1_143' title='bbox 338 2881 485 2945; x_wconf 85' lang='lat' dir='ltr'><strong>vinculis</strong></span> <span class='ocrx_word' id='word_1_144' title='bbox 514 2885 702 2966; x_wconf 88' lang='lat' dir='ltr'><strong>mancipati</strong></span> <span class='ocrx_word' id='word_1_145' title='bbox 734 2890 769 2947; x_wconf 91' lang='lat' dir='ltr'><strong>et</strong></span> <span class='ocrx_word' id='word_1_146' title='bbox 801 2882 845 2945; x_wconf 90' lang='lat' dir='ltr'><strong>ad</strong></span> <span class='ocrx_word' id='word_1_147' title='bbox 872 2881 1113 2963; x_wconf 89' lang='lat' dir='ltr'><strong>gravissimam</strong></span> 
     </span>
     <span class='ocr_line' id='line_1_25' title="bbox 163 2979 1114 3062; baseline 0 -20"><span class='ocrx_word' id='word_1_148' title='bbox 163 2979 431 3062; x_wconf 88' lang='lat' dir='ltr'><strong>redemptionem</strong></span> <span class='ocrx_word' id='word_1_149' title='bbox 470 2983 592 3045; x_wconf 87' lang='lat' dir='ltr'><strong>eoacti.</strong></span> <span class='ocrx_word' id='word_1_150' title='bbox 655 2983 859 3047; x_wconf 87' lang='lat' dir='ltr'><strong>Sacerdotes</strong></span> <span class='ocrx_word' id='word_1_151' title='bbox 891 2980 1114 3044; x_wconf 89' lang='lat' dir='ltr'><strong>nibilominus</strong></span> 
     </span>
     <span class='ocr_line' id='line_1_26' title="bbox 163 3079 1112 3164; baseline 0 -22"><span class='ocrx_word' id='word_1_152' title='bbox 163 3079 248 3162; x_wconf 90' lang='lat' dir='ltr'><strong>ipsis</strong></span> <span class='ocrx_word' id='word_1_153' title='bbox 262 3080 430 3144; x_wconf 88' lang='lat' dir='ltr'><strong>altaribus</strong></span> <span class='ocrx_word' id='word_1_154' title='bbox 442 3081 633 3159; x_wconf 88' lang='lat' dir='ltr'><strong>adstantes,</strong></span> <span class='ocrx_word' id='word_1_155' title='bbox 644 3083 781 3164; x_wconf 85' lang='lat' dir='ltr'><strong>signum</strong></span> <span class='ocrx_word' id='word_1_156' title='bbox 791 3081 984 3145; x_wconf 84' lang='lat' dir='ltr'><strong>Dominicae</strong></span> <span class='ocrx_word' id='word_1_157' title='bbox 999 3081 1112 3143; x_wconf 89' lang='lat' dir='ltr'><strong>crucis</strong></span> 
     </span>
     <span class='ocr_line' id='line_1_27' title="bbox 164 3180 1111 3265; baseline 0 -23"><span class='ocrx_word' id='word_1_158' title='bbox 164 3181 323 3244; x_wconf 87' lang='lat' dir='ltr'><strong>manibus</strong></span> <span class='ocrx_word' id='word_1_159' title='bbox 352 3180 562 3265; x_wconf 90' lang='lat' dir='ltr'><strong>bajulantes,</strong></span> <span class='ocrx_word' id='word_1_160' title='bbox 591 3183 699 3248; x_wconf 88' lang='lat' dir='ltr'><strong>sacris</strong></span> <span class='ocrx_word' id='word_1_161' title='bbox 724 3183 879 3246; x_wconf 87' lang='lat' dir='ltr'><strong>vestibus</strong></span> <span class='ocrx_word' id='word_1_162' title='bbox 912 3182 1111 3255; x_wconf 62' lang='lat' dir='ltr'><strong>emicantes</strong></span> 
     </span>
     <span class='ocr_line' id='line_1_28' title="bbox 163 3279 1112 3364; baseline -0.001 -21"><span class='ocrx_word' id='word_1_163' title='bbox 163 3280 399 3362; x_wconf 88' lang='lat' dir='ltr'><strong>capiebantur,</strong></span> <span class='ocrx_word' id='word_1_164' title='bbox 415 3281 670 3359; x_wconf 88' lang='lat' dir='ltr'><strong>cruciabantur,</strong></span> <span class='ocrx_word' id='word_1_165' title='bbox 686 3282 936 3364; x_wconf 89' lang='lat' dir='ltr'><strong>spoliabantur,</strong></span> <span class='ocrx_word' id='word_1_166' title='bbox 950 3279 1112 3344; x_wconf 88' lang='lat' dir='ltr'><strong>vulnera-</strong></span> 
     </span>
     <span class='ocr_line' id='line_1_29' title="bbox 163 3379 1111 3465; baseline -0.002 -22"><span class='ocrx_word' id='word_1_167' title='bbox 163 3380 308 3460; x_wconf 83' lang='lat' dir='ltr'><strong>bantur3</strong></span> <span class='ocrx_word' id='word_1_168' title='bbox 332 3401 395 3444; x_wconf 92' lang='lat' dir='ltr'><strong>neo</strong></span> <span class='ocrx_word' id='word_1_169' title='bbox 418 3382 530 3446; x_wconf 85' lang='lat' dir='ltr'><strong>adsuit</strong></span> <span class='ocrx_word' id='word_1_170' title='bbox 544 3382 714 3465; x_wconf 69' lang='lat' dir='ltr'><strong>pontilari,</strong></span> <span class='ocrx_word' id='word_1_171' title='bbox 738 3379 978 3457; x_wconf 77' lang='lat' dir='ltr'><strong>sacerdoS,vel</strong></span> <span class='ocrx_word' id='word_1_172' title='bbox 991 3379 1111 3455; x_wconf 87' lang='lat' dir='ltr'><strong>levita,</strong></span> 
     </span>
    </p>

    <p class='ocr_par' dir='ltr' id='par_1_7' title="bbox 64 3478 1112 4264">
     <span class='ocr_line' id='line_1_30' title="bbox 64 3478 1110 3563; baseline -0.003 -19"><span class='ocrx_word' id='word_1_173' title='bbox 64 3514 67 3519; x_wconf 89' lang='lat'><strong>·</strong></span> <span class='ocrx_word' id='word_1_174' title='bbox 163 3483 224 3563; x_wconf 93' lang='lat' dir='ltr'><strong>qui</strong></span> <span class='ocrx_word' id='word_1_175' title='bbox 241 3481 441 3546; x_wconf 86' lang='lat' dir='ltr'><strong>vulneribus</strong></span> <span class='ocrx_word' id='word_1_176' title='bbox 462 3482 603 3547; x_wconf 88' lang='lat' dir='ltr'><strong>inflictis</strong></span> <span class='ocrx_word' id='word_1_177' title='bbox 629 3483 741 3548; x_wconf 91' lang='lat' dir='ltr'><strong>oleum</strong></span> <span class='ocrx_word' id='word_1_178' title='bbox 763 3481 960 3545; x_wconf 87' lang='lat' dir='ltr'><strong>infunderet</strong></span> <span class='ocrx_word' id='word_1_179' title='bbox 984 3478 1038 3544; x_wconf 91' lang='lat' dir='ltr'><strong>vel</strong></span> <span class='ocrx_word' id='word_1_180' title='bbox 1060 3479 1110 3542; x_wconf 87' lang='lat' dir='ltr'><strong>vi-</strong></span> 
     </span>
     <span class='ocr_line' id='line_1_31' title="bbox 163 3578 1112 3667; baseline -0.001 -24"><span class='ocrx_word' id='word_1_181' title='bbox 163 3600 257 3647; x_wconf 89' lang='lat' dir='ltr'><strong>num.</strong></span> <span class='ocrx_word' id='word_1_182' title='bbox 310 3582 442 3646; x_wconf 89' lang='lat' dir='ltr'><strong>Milites</strong></span> <span class='ocrx_word' id='word_1_183' title='bbox 462 3602 543 3647; x_wconf 88' lang='lat' dir='ltr'><strong>vero</strong></span> <span class='ocrx_word' id='word_1_184' title='bbox 565 3589 600 3647; x_wconf 93' lang='lat' dir='ltr'><strong>et</strong></span> <span class='ocrx_word' id='word_1_185' title='bbox 619 3584 706 3648; x_wconf 90' lang='lat' dir='ltr'><strong>alios</strong></span> <span class='ocrx_word' id='word_1_186' title='bbox 724 3583 973 3667; x_wconf 88' lang='lat' dir='ltr'><strong>cujuscumque</strong></span> <span class='ocrx_word' id='word_1_187' title='bbox 993 3578 1112 3644; x_wconf 89' lang='lat' dir='ltr'><strong>condi·</strong></span> 
     </span>
     <span class='ocr_line' id='line_1_32' title="bbox 164 3678 1111 3765; baseline -0.003 -21"><span class='ocrx_word' id='word_1_188' title='bbox 164 3681 267 3746; x_wconf 91' lang='lat' dir='ltr'><strong>tionis</strong></span> <span class='ocrx_word' id='word_1_189' title='bbox 293 3681 448 3746; x_wconf 90' lang='lat' dir='ltr'><strong>homines</strong></span> <span class='ocrx_word' id='word_1_190' title='bbox 477 3683 632 3764; x_wconf 86' lang='lat' dir='ltr'><strong>pecuniae</strong></span> <span class='ocrx_word' id='word_1_191' title='bbox 662 3702 768 3748; x_wconf 88' lang='lat' dir='ltr'><strong>causa</strong></span> <span class='ocrx_word' id='word_1_192' title='bbox 792 3683 868 3765; x_wconf 89' lang='lat' dir='ltr'><strong>pari</strong></span> <span class='ocrx_word' id='word_1_193' title='bbox 893 3699 999 3763; x_wconf 90' lang='lat' dir='ltr'><strong>poena</strong></span> <span class='ocrx_word' id='word_1_194' title='bbox 1024 3678 1111 3742; x_wconf 89' lang='lat' dir='ltr'><strong>affli-</strong></span> 
     </span>
     <span class='ocr_line' id='line_1_33' title="bbox 162 3779 1109 3865; baseline -0.003 -20"><span class='ocrx_word' id='word_1_195' title='bbox 162 3790 296 3862; x_wconf 81' lang='lat' dir='ltr'><strong>gentes,</strong></span> <span class='ocrx_word' id='word_1_196' title='bbox 318 3782 485 3865; x_wconf 90' lang='lat' dir='ltr'><strong>quosdam</strong></span> <span class='ocrx_word' id='word_1_197' title='bbox 502 3803 565 3865; x_wconf 91' lang='lat' dir='ltr'><strong>per</strong></span> <span class='ocrx_word' id='word_1_198' title='bbox 589 3802 687 3846; x_wconf 90' lang='lat' dir='ltr'><strong>renes</strong></span> <span class='ocrx_word' id='word_1_199' title='bbox 707 3790 742 3846; x_wconf 92' lang='lat' dir='ltr'><strong>et</strong></span> <span class='ocrx_word' id='word_1_200' title='bbox 759 3783 911 3847; x_wconf 92' lang='lat' dir='ltr'><strong>membra</strong></span> <span class='ocrx_word' id='word_1_201' title='bbox 931 3779 1109 3863; x_wconf 85' lang='lat' dir='ltr'><strong>genitalia,</strong></span> 
     </span>
     <span class='ocr_line' id='line_1_34' title="bbox 162 3882 1108 3965; baseline -0.004 -20"><span class='ocrx_word' id='word_1_202' title='bbox 162 3882 250 3946; x_wconf 92' lang='lat' dir='ltr'><strong>alios</strong></span> <span class='ocrx_word' id='word_1_203' title='bbox 273 3902 334 3965; x_wconf 90' lang='lat' dir='ltr'><strong>per</strong></span> <span class='ocrx_word' id='word_1_204' title='bbox 360 3883 464 3964; x_wconf 91' lang='lat' dir='ltr'><strong>pedes</strong></span> <span class='ocrx_word' id='word_1_205' title='bbox 489 3890 524 3947; x_wconf 91' lang='lat' dir='ltr'><strong>et</strong></span> <span class='ocrx_word' id='word_1_206' title='bbox 540 3901 652 3958; x_wconf 90' lang='lat' dir='ltr'><strong>crura,</strong></span> <span class='ocrx_word' id='word_1_207' title='bbox 676 3882 860 3947; x_wconf 93' lang='lat' dir='ltr'><strong>nonnullos</strong></span> <span class='ocrx_word' id='word_1_208' title='bbox 887 3900 948 3963; x_wconf 91' lang='lat' dir='ltr'><strong>per</strong></span> <span class='ocrx_word' id='word_1_209' title='bbox 973 3898 1108 3955; x_wconf 90' lang='lat' dir='ltr'><strong>manus,</strong></span> 
     </span>
     <span class='ocr_line' id='line_1_35' title="bbox 161 3979 1109 4064; baseline -0.005 -18"><span class='ocrx_word' id='word_1_210' title='bbox 161 3981 303 4064; x_wconf 87' lang='lat' dir='ltr'><strong>pollices</strong></span> <span class='ocrx_word' id='word_1_211' title='bbox 328 3989 363 4046; x_wconf 90' lang='lat' dir='ltr'><strong>et</strong></span> <span class='ocrx_word' id='word_1_212' title='bbox 385 3983 527 4046; x_wconf 85' lang='lat' dir='ltr'><strong>brachia</strong></span> <span class='ocrx_word' id='word_1_213' title='bbox 551 3981 812 4064; x_wconf 67' lang='lat' dir='ltr'><strong>suspendentes</strong></span> <span class='ocrx_word' id='word_1_214' title='bbox 835 3980 1051 4062; x_wconf 86' lang='lat' dir='ltr'><strong>exspuebant</strong></span> <span class='ocrx_word' id='word_1_215' title='bbox 1074 3979 1109 4041; x_wconf 93' lang='lat' dir='ltr'><strong>in</strong></span> 
     </span>
     <span class='ocr_line' id='line_1_36' title="bbox 163 4079 1108 4166; baseline -0.006 -20"><span class='ocrx_word' id='word_1_216' title='bbox 163 4082 272 4146; x_wconf 89' lang='lat' dir='ltr'><strong>oculis</strong></span> <span class='ocrx_word' id='word_1_217' title='bbox 298 4083 500 4146; x_wconf 90' lang='lat' dir='ltr'><strong>miserorum</strong></span> <span class='ocrx_word' id='word_1_218' title='bbox 525 4082 577 4145; x_wconf 89' lang='lat' dir='ltr'><strong>sal</strong></span> <span class='ocrx_word' id='word_1_219' title='bbox 602 4089 700 4147; x_wconf 88' lang='lat' dir='ltr'><strong>aceto</strong></span> <span class='ocrx_word' id='word_1_220' title='bbox 721 4082 944 4166; x_wconf 90' lang='lat' dir='ltr'><strong>permixtum,</strong></span> <span class='ocrx_word' id='word_1_221' title='bbox 969 4079 1108 4141; x_wconf 89' lang='lat' dir='ltr'><strong>omnino</strong></span> 
     </span>
     <span class='ocr_line' id='line_1_37' title="bbox 162 4177 1110 4264; baseline -0.005 -19"><span class='ocrx_word' id='word_1_222' title='bbox 162 4202 231 4246; x_wconf 93' lang='lat' dir='ltr'><strong>non</strong></span> <span class='ocrx_word' id='word_1_223' title='bbox 251 4182 495 4264; x_wconf 87' lang='lat' dir='ltr'><strong>intelligentes,</strong></span> <span class='ocrx_word' id='word_1_224' title='bbox 521 4182 613 4263; x_wconf 91' lang='lat' dir='ltr'><strong>quod</strong></span> <span class='ocrx_word' id='word_1_225' title='bbox 634 4190 749 4246; x_wconf 88' lang='lat' dir='ltr'><strong>essent</strong></span> <span class='ocrx_word' id='word_1_226' title='bbox 770 4181 814 4246; x_wconf 87' lang='lat' dir='ltr'><strong>ad</strong></span> <span class='ocrx_word' id='word_1_227' title='bbox 838 4179 1021 4262; x_wconf 85' lang='lat' dir='ltr'><strong>imaginem</strong></span> <span class='ocrx_word' id='word_1_228' title='bbox 1043 4177 1110 4241; x_wconf 92' lang='lat' dir='ltr'><strong>Dei</strong></span> 
     </span>
    </p>
   </div>
   <div class='ocr_carea' id='block_1_4' title="bbox 0 0 1434 4876">
    <p class='ocr_par' dir='ltr' id='par_1_8' title="bbox 0 0 1434 4876">
     <span class='ocr_line' id='line_1_38' title="bbox 0 0 1434 4876; baseline 0 1"><span class='ocrx_word' id='word_1_229' title='bbox 0 0 1434 4876; x_wconf 95' lang='lat' dir='ltr'><strong> </strong></span> 
     </span>
    </p>
   </div>
  </div>
 </body>
</html>
