2858 4876
426 417 565 467 rwnns
589 417 859 467 msronmnuu.
1049 405 1115 470 335

165 579 238 636 tote
258 573 446 652 dissolutis,
466 575 699 639 assilientibus
722 568 878 657 ¹paravit
895 576 1086 657 ingressum
1103 598 1112 657 ;
1127 587 1249 677 &533-

160 679 212 750 et,
235 673 279 736 ud
307 674 372 739 hoc
396 694 473 738 cum
502 675 594 757 regis
617 675 791 739 exercitus
817 675 1001 757 plurimum
1023 677 1112 741 nite·
1125 687 1276 728 castrt-¹²¹¹·

164 779 272 849 retur,
294 774 429 852 inclusi,
451 794 569 838 eorum
592 775 752 839 laceratis
772 776 980 856 agminibus,
1003 785 1112 840 retro-

164 873 284 936 cedere
318 875 568 957 compulerunt.
636 874 798 951 Domum,
829 895 907 938 cum
937 875 1113 940 Willelmo

165 971 209 1035 de
225 971 395 1038 Albenoio
414 982 449 1040 et
470 975 548 1037 aliis
567 974 651 1038 viris
673 974 858 1051 nobilibus
878 974 938 1057 qui
958 995 1036 1039 cum
1052 976 1113 1040 illo

166 1080 278 1149 erant,
305 1094 367 1139 nec
394 1075 497 1138 unice
518 1073 714 1137 refectionis
744 1074 899 1138 buccella
926 1076 1113 1158 superfuis-

165 1179 231 1248 set,
254 1180 354 1256 turpe
376 1174 442 1237 sibi
460 1174 561 1237 nimis
580 1175 764 1237 videbatur
779 1173 870 1237 fame
890 1175 1012 1255 perire,
1035 1194 1111 1238 cum

69 1267 70 1273 ’
165 1272 271 1335 armis
286 1275 442 1357 superari
461 1294 529 1338 non
546 1280 708 1356 possent3
734 1274 838 1350 unde,
859 1275 1111 1338 communicato

165 1372 322 1451 consilio,
356 1393 475 1440 omnes
511 1373 582 1437 fere
613 1373 725 1450 illaesi,
759 1379 906 1455 excepto
935 1392 1004 1436 uno
1038 1374 1113 1437 solo

165 1472 287 1550 milite,
312 1474 372 1557 qui
399 1474 469 1538 telo
495 1492 679 1555 percussus
704 1473 847 1549 interiit,
875 1480 1041 1537 exeuntes
1070 1474 1113 1536 de

166 1573 254 1636 turri
283 1574 317 1636 in
348 1575 403 1637 die
434 1574 528 1637 beati
558 1572 708 1636 Andreae
747 1572 896 1655 apostoli
930 1591 1006 1636 sese
1040 1574 1113 1654 regi

165 1679 471 1753 praesentaverunt.
533 1672 731 1736 Duroverat
753 1679 870 1735 autem
896 1673 1028 1736 obsidio
1051 1673 1113 1735 tri-

166 1772 230 1835 bus
252 1771 322 1836 fere
341 1774 528 1849 mensibus,
556 1773 648 1835 unde
672 1793 748 1849 rex,
767 1779 840 1834 tum
863 1779 1004 1853 propter
1026 1772 1114 1834 mul-

166 1871 347 1936 titudinem
371 1871 641 1947 interfectorum‚
663 1877 736 1934 tum
763 1878 904 1953 propter
924 1864 1112 1934 ²iniinitam

166 1972 320 2052 pecuniae
345 1991 512 2035 summam
540 1990 645 2054 quam
668 1971 705 2033 in
728 1970 906 2034 obsidione
932 1990 1111 2053 consump

166 2078 271 2148 serat,
298 2072 404 2136 nimio
428 2072 544 2136 furore
566 2089 753 2135 succensus
776 2070 954 2135 universos
978 2070 1110 2135 nobiles

87 2202 92 2210 ·
166 2171 246 2234 illos
272 2171 428 2254 patibulo
456 2171 620 2253 suspendi
650 2170 843 2253 praecepit3
887 2171 948 2233 sed
975 2170 1029 2233 vir
1050 2190 1112 2234 no-

165 2271 244 2334 bilis
276 2271 469 2337 savaricus·
493 2271 535 2334 de
569 2270 781 2334 Malo-leone
815 2269 852 2331 in
880 2269 1003 2333 faciem
1037 2270 1111 2351 regi

165 2370 328 2435 resistens
350 2372 412 2449 ait,
444 2370 617 2435 ‘Domine
644 2390 720 2447 rex,
747 2389 858 2434 werra
880 2376 1000 2432 nostra
1026 2388 1112 2432 non-

166 2471 247 2534 dum
263 2471 362 2535 finita
379 2479 445 2548 est,
462 2471 554 2534 unde
572 2471 670 2535 vobis
690 2469 872 2551 diligenter
891 2468 1111 2532 consideran·

165 2571 247 2635 dum
269 2579 333 2650 est,
357 2591 461 2654 quam
485 2571 598 2636 varios
618 2577 763 2634 eventus
786 2569 878 2632 bella
902 2569 1110 2648 sortiantur3

166 2692 311 2753 nempe·
327 2672 357 2735 si
385 2670 484 2737 nobis
513 2672 599 2735 istos
628 2688 721 2733 nunc
747 2669 933 2752 suspendio
953 2668 1112 2744 tradatis,

165 2773 312 2835 barones
335 2771 525 2837 adversarii
549 2770 659 2833 nostri
680 2769 734 2833 vel
759 2789 814 2832 me
834 2768 922 2833 forte
943 2768 999 2833 vel
1025 2769 1111 2832 alios

165 2870 208 2934 dc
236 2872 392 2935 exercitu
414 2878 532 2936 vestro
560 2870 693 2935 nobiles
719 2869 923 2951 intercipere
949 2874 1112 2949 poterunt

166 2970 336 3035 consimili
359 2989 444 3034 cusu
472 2970 507 3033 in
537 2971 634 3033 brevi
662 2976 705 3032 et·
719 2968 878 3049 exemplo
902 2968 1009 3031 vestri
1036 2987 1112 3031 sus-

165 3070 290 3152 pendio
315 3070 464 3148 tradere,
497 3069 590 3151 quod
618 3068 754 3134 absita
780 3069 877 3131 vobis
908 3086 951 3130 ne
977 3067 1111 3130 contin-

166 3177 238 3251 gat,
264 3170 347 3251 quia
368 3170 432 3233 tuli
451 3169 647 3235 conditione
674 3167 789 3230 nullus
814 3167 851 3229 in
873 3173 990 3229 vestro
1014 3167 1113 3230 obse-

166 3271 248 3352 quio
266 3270 455 3334 militaret!
504 3269 605 3332 Tunc
621 3287 696 3344 rex,
710 3267 791 3330 licet
807 3266 948 3340 invitus,
968 3264 1113 3330 consilio

165 3369 241 3453 ejus
266 3377 302 3433 et
318 3369 465 3434 aliorum
487 3367 640 3432 virorum
661 3366 869 3449 prudentum
888 3365 1113 3448 adquiescens

165 3469 377 3534 Willelmum
407 3469 450 3532 de
473 3468 656 3544 Albeneio,
677 3466 738 3531 W.
760 3466 802 3529 de
830 3464 1030 3541 Lancastre,
1053 3464 1112 3529 W.

165 3568 208 3633 de
234 3568 411 3646 Eineford,
434 3568 603 3632 Thomam
631 3567 674 3630 de
703 3565 897 3642 Mnietune,
926 3565 1111 3628 Osbertum

166 3667 323 3750 Gyffard‚
345 3663 550 3733 ³Osbertum
573 3668 616 3732 de
638 3666 740 3741 Bobi,
763 3664 961 3729 Odinellum
985 3665 1027 3728 de
1050 3661 1113 3728 Ar-

203 3818 210 3848 ¹
221 3821 336 3871 Paravit.
348 3815 361 3889 ]
391 3820 400 3848 ‘
412 3819 583 3869 Pereverunt'
599 3820 625 3868 in
651 3819 755 3881 pulatus
766 3817 834 3877 est3’
846 3816 1012 3879 Goggeshnle,
1019 3833 1046 3878 p.
1056 3820 1112 3865 109.

163 3892 221 3942 MS.
501 3883 504 3888 ⁵
687 3885 840 3936 ³0⁸1}an
861 3889 890 3936 de
907 3882 1005 3954 Boot]
1028 3887 1059 3935 In
1070 3886 1112 3935 the

200 3958 351 4027 ²Inflniturn
365 3959 473 4024 perum
488 3959 625 4021 summum]
653 3958 746 4006 Patent
756 3958 838 4018 Belle,
854 3957 895 4006 ed.
908 3956 1009 4018 Hardy,
1019 3972 1045 4017 p.
1057 3960 1114 4018 290,

162 4031 215 4080 ‘In
238 4046 290 4092 qua
311 4031 442 4080 obsidione
463 4044 509 4077 rex
532 4043 627 4090 expen-
652 4028 675 4076 is
685 4042 702 4077 a
713 4031 787 4090 grant
801 4027 830 4075 of
843 4026 885 4075 the
902 4025 962 4074 land
979 4025 1007 4074 of
1022 4025 1115 4074 Osbert

163 4102 203 4150 dit
222 4103 248 4150 in
273 4101 445 4163 stipendiariis
468 4099 527 4160 plus
550 4113 625 4160 quam
652 4099 685 4146 de
701 4098 785 4158 Boby,
801 4097 862 4157 ‘qui
878 4100 918 4144 est
931 4109 989 4144 cum
1005 4094 1115 4144 inimicis

163 4173 297 4234 sexaginte
318 4171 399 4219 millia
424 4183 566 4218 marcarum
587 4173 625 4217 to·
652 4162 759 4228 nostris‚’
776 4171 802 4215 to
818 4169 902 4228 Roget
919 4166 951 4213 de
967 4165 1115 4214 Stikewnnd

163 4250 265 4303 tamque
287 4241 403 4291 centiam
425 4239 563 4289 crudeliter
583 4253 627 4300 po·
652 4238 744 4298 during
754 4236 797 4285 the
808 4230 892 4296 king's
902 4236 1028 4296 plensure.
