2858 4876
426 411 566 460 rnoans
589 411 860 461 nrsronmnun.
1050 400 1117 466 273

163 578 245 635 runt
261 590 476 654 responsum,
499 571 591 654 quod
616 578 757 656 propter
778 579 928 654 quatuor
950 572 1114 651 ribaldos,
1128 593 1183 633 no.
1194 595 1251 634 121³.

163 690 252 754 quos
265 670 420 754 episcopi
433 690 550 735 secum
565 671 795 749 adduxerant,
812 673 976 754 petebant
987 672 1114 738 habere
1126 644 1255 743 ξιῗῖιῗιίιο

163 771 373 854 colloquium
392 790 471 835 oum
493 772 592 854 ipso;
622 771 813 837 Tholosani
834 791 916 837 vero
938 773 1113 854 praedictis
1126 744 1256 794 mmm

163 871 294 935 nuntiis
307 870 569 954 responderunt,
583 871 676 954 quud
691 872 765 953 regi
779 871 1000 953 Arragonum
1014 881 1114 938 crant

164 969 403 1047 consoederati,
431 977 466 1035 et
491 969 540 1033 nil
565 970 719 1035 lacerent
747 972 813 1035 nisi
841 972 932 1053 regis
960 979 1111 1036 tantum·

163 1071 265 1135 modo
283 1071 509 1135 voluntatem.
562 1070 665 1149 Quod
690 1090 768 1135 cum
792 1071 974 1134 redeuntes
999 1074 1113 1137 nuntii

164 1169 334 1253 episcopis
353 1168 563 1247 retulissent,
586 1170 689 1234 iidem
710 1171 863 1253 episcopi
885 1190 963 1235 cum
981 1172 1114 1237 abbati-

163 1270 229 1334 bus
258 1270 449 1335 discalciati
471 1270 515 1333 ad
545 1289 661 1351 regem
689 1270 806 1334 venire
837 1275 1112 1353 proposuerunt3

163 1370 224 1435 sed
246 1389 325 1434 cum
351 1370 521 1434 adventus
547 1389 666 1433 eorum
690 1370 726 1433 in
753 1369 844 1433 hunc
873 1370 1010 1433 modum
1039 1373 1113 1453 regi

164 1470 345 1534 nuntiatus
369 1469 503 1547 fuisset,
528 1468 647 1552 januis
669 1469 865 1553 patefactis,
890 1488 967 1534 cum
999 1490 1113 1535 comes

165 1568 412 1634 Montis-sortis
448 1589 489 1633 ac
519 1588 621 1634 cruce
658 1569 787 1651 signati
821 1570 969 1634 inermes
999 1578 1114 1635 essent

163 1689 226 1751 pro
241 1689 283 1733 eo
299 1667 391 1751 quod
407 1668 558 1752 episcopi
574 1670 616 1733 de
636 1689 722 1752 pace
743 1671 979 1752 loquerentur,
995 1671 1114 1735 hostes

163 1768 232 1835 Dei
265 1766 502 1833 fraudulenter
533 1787 573 1833 ac
601 1771 747 1852 superbe
773 1770 886 1834 vicum
918 1771 1113 1835 subintrare

164 1888 243 1932 cum
263 1868 394 1950 impetu
417 1875 645 1946 attentarunt,
668 1870 728 1933 sed
754 1890 815 1952 per
831 1870 899 1934 Dei
922 1871 1069 1951 gratiam
1092 1889 1115 1933 a
1133 1866 1136 1873 '

164 1988 228 2034 suo
243 1967 384 2032 fuerunt
398 1967 566 2032 desiderio
584 1968 788 2033 defraudati.
822 1968 978 2047 Quorum
994 1990 1114 2052 super-
1177 1968 1180 1975 ’

164 2069 255 2132 biam
272 2086 386 2134 comes
404 2075 439 2132 et
456 2087 556 2132 cruce
580 2068 709 2149 signati
727 2068 894 2147 videntes,
917 2089 979 2151 per
1000 2068 1114 2133 cordis

163 2167 406 2233 contritionem
433 2174 469 2232 et
499 2167 569 2232 oris
597 2168 845 2232 confessionem
877 2168 1061 2233 salubriter
1094 2188 1115 2231 a

164 2267 317 2351 peccatis
338 2266 507 2343 mundati,
529 2268 634 2331 armis
656 2286 694 2332 se
711 2266 856 2333 viriliter
877 2268 1116 2345 accinxerunt,

164 2368 411 2448 venientesque
427 2366 471 2430 ad
488 2367 687 2449 episcopum
702 2366 951 2444 Tholosanum,
963 2368 1023 2451 qui
1035 2387 1117 2431 auc-

165 2467 306 2532 toritate
334 2465 464 2531 domini
484 2465 722 2531 Narbonensis
743 2467 823 2552 jure
848 2467 1031 2549 legationis
1051 2467 1116 2530 hoc

164 2565 276 2634 officio
298 2565 520 2648 fungebatur,
542 2568 691 2631 exeundi
711 2566 886 2631 licentiam
901 2573 1022 2631 contra
1037 2566 1117 2630 hos·

165 2674 218 2733 tes
247 2665 326 2730 fidei
355 2665 530 2730 humiliter
562 2666 804 2749 postularunt3
843 2686 924 2749 qua,
952 2667 1116 2749 qnoniam

165 2766 342 2848 negotium
364 2765 400 2829 in
418 2772 514 2830 arcto
531 2773 606 2830 erat
629 2767 867 2843 constitutum,
888 2786 1064 2844 concessa,
1080 2767 1116 2830 in

164 2867 303 2931 nomine
330 2871 462 2929 sanctae
481 2865 664 2930 Trinitatis
690 2868 799 2931 tribus
825 2866 1002 2949 dispositis
1027 2866 1118 2930 acie-

165 2966 231 3032 bus
247 2965 420 3041 exierunt,
434 2964 552 3029 hostes
569 2985 652 3030 vero
667 2964 748 3028 fidei
763 2985 782 3030 e
799 2966 972 3030 contrario
989 2966 1117 3030 multas

165 3065 333 3131 habentes
352 3065 445 3129 acies
466 3064 540 3148 jam
566 3065 699 3129 mnnita
724 3066 829 3128 armis
857 3065 1007 3130 tentoria
1035 3073 1117 3129 sunt

166 3165 308 3247 egressi,
331 3184 431 3248 quos,
452 3163 534 3229 licet
557 3165 684 3229 multos
709 3165 810 3228 nimis
831 3170 990 3247 respectu
1016 3183 1117 3228 cruce

164 3264 394 3347 signatorum,
431 3263 574 3329 clientes
602 3264 732 3328 Christi
765 3264 808 3327 de
838 3264 947 3345 ipsius
985 3264 1117 3327 auxilio

165 3364 389 3442 confidentes,
406 3364 530 3428 armati
550 3363 679 3430 virtute
700 3383 744 3427 ex
766 3364 850 3439 alto,
868 3361 1015 3426 viriliter
1037 3370 1117 3427 sunt

164 3464 335 3547 aggressi.
386 3463 580 3545 Statimque
595 3464 705 3528 virtus
722 3461 893 3527 Altissimi
911 3482 973 3545 per
996 3481 1118 3527 manus

165 3583 306 3631 suorum
322 3563 440 3628 hostes
458 3581 540 3626 suos
557 3562 739 3645 confregit,
758 3582 817 3626 eos
835 3560 1069 3626 comminuens
1082 3561 1118 3625 in

167 3670 367 3742 moment03
398 3670 498 3744 terga
520 3664 611 3726 enim
626 3669 800 3726 vertentes
825 3663 860 3725 in
882 3662 1000 3743 fugam
1025 3680 1119 3725 com·

167 3763 259 3847 pulsi
273 3769 366 3839 sunt,
380 3768 548 3849 tanquam
562 3762 677 3844 pulvis
691 3769 772 3826 ante
786 3761 907 3826 faciem
922 3761 1016 3826 venti
1038 3780 1118 3824 con·

167 3862 264 3941 triti;
288 3862 348 3926 alii
366 3861 487 3926 mortis
513 3862 697 3926 discrimen
722 3861 895 3942 fugientes
921 3868 1119 3938 evaserunt,

164 3962 228 4031 alii
252 3961 387 4042 gladios
416 3960 587 4025 evitantes
618 3980 719 4043 aquae
748 3960 901 4042 periculo
931 3959 1119 4040 perierunt,

168 4060 325 4127 nonnulli
356 4066 471 4124 autem
501 4060 641 4124 suerunt
668 4062 703 4124 in
731 4079 789 4123 ore
820 4058 927 4142 gladii
950 4058 1120 4122 devorati.

168 4162 224 4225 De
238 4159 366 4243 illustri
378 4179 515 4242 quoque
532 4159 754 4241 Arragonum
777 4178 870 4241 rege,
891 4158 1046 4240 quicum
1069 4157 1121 4220 in·

223 4276 301 4324 von.
326 4276 377 4322 ιιι.
926 4273 971 4326 ,ι
