2858 4876
400 402 537 450 rnoans
562 402 828 451 ursronmnuu
1021 387 1086 452 179

137 566 269 643 etpost
289 561 441 626 triduum
463 564 625 645 migravit
643 564 686 627 ad
704 564 903 629 Dominum.
957 563 1086 628 Postea
1099 576 1154 616 AD
1099 578 1221 676 ¹*what*

137 680 220 726 vero
241 661 357 727 nullus
376 665 597 747 praesumpsit
616 664 706 746 ima
687 665 814 741 vinem,
831 670 957 747 praeter
975 628 1127 727 solamLe
1097 677 1210 776 coniecere„
1210 687 1237 766 ut

137 761 445 840 sanctimonialem,
474 764 710 846 tangere,ch
739 784 814 830 eam
841 764 985 829 deloco
1014 785 1085 829 mo·
1098 778 1135 818 the
1144 777 1225 828 varin

136 881 228 926 vere.
260 861 360 928 Tunc
375 863 518 928 foemina
533 864 695 946 religiosa
710 865 854 929 subter
844 866 991 930 iconiam
1009 883 1086 929 vas-

136 962 251 1026 culum
267 965 480 1047 praeparavit
495 966 654 1043 vitreum,
674 966 710 1030 in
727 986 797 1049 quo
811 964 925 1048 liquor
941 967 1010 1029 ab
1000 984 1083 1029 una-

135 1062 215 1144 gine
234 1061 345 1129 fluens
372 1065 582 1147 reciperetur
605 1074 641 1130 et
659 1066 872 1129 infirmorum
896 1066 1083 1131 necessita·

138 1163 231 1227 tibus
253 1171 462 1231 servaretur.

222 1338 264 1402 Ut
277 1338 380 1405 ecdem
396 1339 497 1426 imago
512 1338 669 1405 mamillas
684 1340 791 1404 caruis
798 1339 996 1424 produxerit.

187 1460 400 1526 Procedente
424 1462 573 1547 denique
592 1471 759 1546 tempore,
783 1484 838 1528 res
862 1465 956 1529 dictu
981 1465 1085 1528 mira-

136 1561 215 1626 bilis
240 1563 387 1646 contigit
411 1570 445 1627 ct
468 1563 635 1628 hactenns
666 1564 835 1641 inaudita,
863 1584 941 1628 nam
968 1565 1083 1646 imago

136 1660 294 1745 praefata,
325 1663 575 1728 admirantibus
604 1664 751 1741 cunctis,
780 1665 886 1747 coepit
914 1665 1083 1749 paulatim

137 1763 308 1828 mamillas
342 1763 455 1827 carnis
488 1764 646 1829 emittere
678 1773 713 1829 et
746 1765 949 1829 mirabiliter
980 1785 1083 1829 carne

136 1863 283 1944 vestiri3
331 1863 421 1929 unde
459 1863 636 1948 hucusque
666 1885 688 1928 a
722 1865 884 1929 mamillis
923 1864 1083 1930 deorsum

136 1983 240 2030 carne
263 1964 438 2031 videretur
460 1965 593 2042 induta,
618 1985 641 2030 a
662 1985 730 2049 qno
753 1965 867 2047 liquor
892 1965 950 2029 ille
971 1966 1082 2029 inces-

137 2071 255 2129 santer
276 2064 442 2143 distillat3
478 2085 579 2148 quem
604 2065 771 2148 liquorem
799 2065 922 2130 fratres
947 2064 1083 2148 Templi

137 2163 181 2228 ad
200 2165 321 2231 domos
342 2183 425 2230 suas
446 2164 617 2243 deferunt,
633 2186 711 2230 cum
733 2165 890 2230 inducias
912 2165 1040 2230 habent
1061 2185 1083 2230 a

136 2266 295 2349 paganis,
323 2273 364 2329 ut
395 2266 586 2349 peregrinis
612 2266 779 2332 orationis
812 2266 927 2349 gratia
957 2266 1083 2330 adveu-

138 2366 292 2431 tantibus
314 2366 393 2431 inde
419 2366 641 2444 distribuant,
660 2367 720 2450 qni
747 2365 911 2430 honorem
933 2366 1000 2430 Dei
1024 2385 1084 2448 ge-

137 2465 269 2532 nitricis
298 2467 336 2531 in
366 2466 512 2532 diversis
549 2466 667 2531 mundi
699 2466 856 2549 partibus
888 2473 1084 2531 reverenter

135 2566 310 2633 attollant.
362 2566 452 2631 Sunt
470 2574 586 2631 autem
604 2567 764 2631 monachi
782 2567 818 2630 in
838 2566 987 2650 quadam
1009 2586 1082 2630 mo-

136 2668 280 2733 nastorii
294 2673 394 2750 parte
411 2666 564 2732 divinum
582 2674 724 2749 agentes
741 2665 908 2746 officinm3
930 2666 991 2732 sed
1008 2665 1084 2749 dig-

138 2767 229 2833 nitas
253 2775 290 2833 et
311 2766 549 2849 magisterium
575 2768 887 2855 sanctimonialium
907 2774 960 2832 est
979 2786 1082 2850 prop-

138 2874 191 2933 ter
212 2868 442 2933 reverentiam
470 2868 645 2951 praedictae
670 2867 835 2945 mulieris,
862 2887 941 2949 quae
970 2866 1084 2931 locum

136 2968 233 3033 illurn
260 2968 358 3052 prius
391 2968 599 3033 inhabitavit
632 2975 666 3033 et
695 2967 732 3031 in
761 2966 926 3032 honorem
955 2975 1085 3032 sanctae

139 3067 262 3135 Mariae
280 3068 349 3134 Dei
365 3069 541 3151 genitricis
556 3069 744 3133 oratorium
759 3067 952 3132 fabricavit.

170 3242 211 3309 Ut
224 3243 381 3311 Somnum
396 3243 525 3330 quidam
533 3265 594 3330 per
608 3242 773 3328 imaginem
787 3242 886 3305 risum
900 3241 1053 3326 receperit.

187 3367 346 3451 Contigit
374 3367 411 3431 in
447 3367 516 3432 illis
554 3367 675 3432 diebus
712 3365 901 3431 Soldanum
935 3365 1084 3430 Damas·

138 3487 313 3545 cenorum,
337 3468 398 3551 qui
427 3467 629 3533 monoculus
654 3467 779 3544 fuerat,
808 3467 844 3529 in
876 3464 977 3530 oculo
1007 3485 1084 3529 curn

137 3588 207 3651 quo
230 3568 370 3634 videbat
400 3567 580 3644 infirmari,
610 3575 644 3632 et
674 3568 786 3632 visum
820 3568 958 3649 penitus
986 3565 1087 3631 amit-

138 3676 215 3735 tens
243 3687 358 3735 caecus
384 3666 526 3732 effectus
557 3675 634 3748 est;
667 3669 727 3749 qui
755 3665 899 3730 audiens
927 3666 970 3730 de
999 3666 1085 3730 ima-

138 3770 218 3853 gine
238 3777 440 3844 memorata,
466 3787 528 3849 per
552 3787 655 3850 quam
680 3767 778 3831 Deus
801 3774 900 3831 tanta
921 3766 1086 3849 operabaa

138 3876 195 3934 tur
219 3868 399 3946 miracula,
422 3868 518 3934 venit
543 3868 586 3933 ad
614 3867 729 3932 locum
755 3875 790 3932 et
815 3867 1003 3931 oratorium
1034 3868 1087 3929 in·

136 3970 256 4047 travit,
280 3976 328 4047 et,
349 3969 430 4033 licet
453 3987 611 4052 paganus
630 3975 733 4046 esset,
757 3967 860 4032 fidem
879 3969 916 4031 in
935 3967 1086 4031 Domino

136 4069 268 4146 habuit,
299 4069 392 4152 qnod
419 4089 481 4151 per
507 4068 692 4152 imaginem
719 4088 791 4132 suae
815 4067 991 4151 genitricis
1021 4066 1086 4128 sibi

136 4170 270 4235 sanitas
298 4169 510 4247 redderetur,
536 4178 571 4235 ct
596 4169 777 4253 procidens
807 4169 843 4232 in
872 4174 998 4232 terram
1028 4165 1087 4228 diu

975 4281 1017 4327 ra
