2858 4876
340 399 384 463 98
601 415 735 463 nocam
760 417 806 462 un
829 415 1036 464 wuunovns

182 587 306 677 i'ninffoe'
342 573 556 638 confessores
584 581 723 651 vocant,
750 580 790 638 ‘et
824 574 962 656 utrique
994 591 1111 637 eorum
1140 569 1293 636 omnium
1334 638 1348 656 .

183 647 523 756 oi‘lmourorculparum
548 680 583 737 et
602 674 820 737 minimarum
843 672 1076 755 quarumlibet
1100 678 1296 752 transgres-

184 737 299 777 ΜΝ
343 774 478 837 sianum
510 772 640 837 ordinis
671 773 745 836 sive
776 779 1028 854 praeceptorum
1063 771 1131 835 Dei
1159 771 1293 835 confes·

343 873 474 938 sionem
497 892 583 954 pure
610 873 701 936 etin
724 890 860 936 summa
884 870 999 935 cordis
1026 871 1233 935 contritione
1259 876 1294 932 et

341 972 596 1055 lachrymarum
612 970 777 1035 effusione
793 971 887 1049 fecit,
909 977 945 1035 et
966 969 1218 1035 absolutionem
1236 989 1296 1034 ve·

343 1069 495 1135 hementi
520 1071 689 1135 desiderio
714 1070 895 1152 quaesitam
920 1071 1086 1152 percepit,
1110 1071 1228 1152 sicque
1257 1068 1294 1131 in

344 1177 468 1235 sancta
496 1170 678 1235 devotione
709 1176 744 1233 et
773 1170 841 1234 Dei
872 1169 1032 1233 laudibus
1062 1175 1174 1234 totum
1204 1168 1293 1233 diem

344 1269 474 1352 exegit.

372 1431 415 1498 Ut
429 1433 509 1498 idem
523 1433 687 1499 monachus
700 1419 842 1498 iuuentae
855 1433 896 1498 rit
910 1434 1002 1518 quael
1017 1441 1155 1498 nmmum
1163 1432 1279 1517 jacere.

396 1559 564 1641 Sequenti
580 1578 662 1623 vero
682 1565 796 1635 nocte,
812 1556 947 1621 modico
961 1557 1143 1641 praelibato
1160 1577 1296 1640 sopore,

345 1678 422 1722 cum
447 1659 491 1721 ad
515 1658 705 1722 matutinas
727 1658 847 1721 tabula
868 1663 1118 1739 percuteretur,
1139 1657 1231 1722 lecto
1255 1677 1293 1721 se

346 1757 525 1820 excutiens
551 1758 617 1821 iter
642 1757 684 1820 ad
714 1757 894 1821 ecclesiam
919 1774 1107 1837 aggressus
1133 1763 1206 1835 est;
1233 1756 1294 1820 sed

346 1856 427 1938 quid
451 1855 499 1919 ibi
521 1856 602 1921 fecit
623 1876 771 1939 sequens
791 1856 914 1919 relatio
937 1854 1135 1919 declarabit.
1189 1855 1296 1919 Mane

346 1961 463 2019 autem
491 1955 583 2019 facto
612 1956 789 2038 sequentis
817 1954 896 2032 diei,
923 1954 957 2018 id
991 1958 1045 2018 est
1069 1954 1295 2032 Parasceues,

345 2075 424 2118 cum
447 2054 571 2119 fratres
594 2055 637 2118 ad
663 2056 809 2137 primam
840 2061 1089 2136 consurgerent
1114 2060 1149 2119 et
1173 2072 1294 2119 versus

345 2154 525 2218 ecclesiam
543 2161 624 2218 ante
639 2154 827 2237 capitulum
844 2153 1028 2217 transitum
1039 2153 1206 2231 lacerent,
1216 2173 1295 2218 con·

345 2253 496 2335 spiciunt
511 2253 652 2318 fratrem
670 2254 815 2318 eundem
832 2260 914 2316 ante
936 2253 1051 2316 sedem
1074 2254 1222 2332 abbatis,
1237 2254 1296 2318 ubi

346 2353 471 2418 fratres
491 2354 627 2418 veniam
646 2360 763 2435 petere
791 2351 917 2430 solent,
943 2352 1044 2416 nudis
1072 2353 1218 2435 pedibus
1238 2353 1295 2436 ja·

347 2472 424 2517 cere
437 2459 661 2535 prostratum,
677 2453 776 2516 vultu
791 2452 981 2516 solotenus
997 2450 1124 2530 defixo,
1146 2452 1247 2535 quasi
1274 2471 1296 2516 a

348 2551 503 2633 quolibet
527 2551 733 2634 praesidente
754 2551 890 2616 veniam
914 2551 1129 2633 postularet;
1162 2570 1232 2635 quo
1246 2552 1294 2617 vi·

347 2668 399 2727 so,
418 2651 604 2732 stupefacti
622 2651 747 2722 fratres
769 2658 966 2729 accurrunt,
989 2658 1024 2715 et
1039 2651 1196 2716 volentes
1215 2671 1294 2715 eum

345 2749 478 2830 erigere
498 2750 595 2814 velut
613 2751 807 2815 exanimem
830 2758 865 2814 et
887 2750 962 2815 sine
986 2751 1104 2833 aliquo
1124 2752 1294 2815 membro·

346 2867 423 2912 rum
443 2857 540 2914 motu
559 2850 748 2932 reperiunt,
768 2850 877 2915 oculis
901 2850 939 2913 in
965 2850 1188 2932 profundiora
1214 2850 1295 2914 sub·

346 2948 455 3011 versis
483 2957 519 3014 et
542 2950 629 3032 ipsis
649 2949 818 3013 luminum
842 2949 982 3013 sedibus
1010 2969 1051 3014 ac
1075 2968 1161 3014 naso
1183 2950 1293 3015 multo

343 3048 514 3128 sanguine
524 3048 738 3113 madefactis
767 3048 974 3130 Exspirasse
988 3069 1066 3112 eum
1078 3049 1295 3132 proclamant

344 3145 509 3224 universi,
536 3148 618 3211 dum
644 3154 760 3212 motus
785 3167 963 3226 venarum,
990 3149 1101 3214 multo
1124 3148 1293 3212 intercur-

343 3250 440 3309 rente
463 3247 590 3327 spatio,
609 3247 746 3329 penitus
769 3247 960 3328 amisisset3
983 3248 1044 3311 sed
1059 3267 1136 3311 cum
1153 3248 1292 3312 tandem

343 3342 545 3422 anhelitum,
561 3346 642 3409 licet
657 3346 857 3427 perexilem,
872 3346 908 3410 in
920 3367 961 3411 eo
977 3347 1292 3430 deprehendissent,

343 3443 524 3521 cervicem,
540 3451 661 3526 pectus
677 3451 712 3508 et
724 3464 845 3510 manus
859 3465 950 3528 aqua
966 3446 1093 3529 frigida
1106 3445 1291 3512 diluerunt.

343 3539 462 3606 Primo
486 3550 600 3607 autem
623 3564 699 3608 eum
725 3563 867 3626 corpore
891 3552 967 3609 toto
988 3545 1122 3610 modice
1144 3552 1292 3611 tremen-

342 3644 411 3702 tem
428 3642 600 3721 viderunt,
618 3643 678 3708 sed
699 3662 782 3707 mox
803 3643 984 3726 quiescens
1007 3646 1148 3710 omnino
1170 3645 1289 3710 immo·

340 3737 420 3803 bilis
440 3743 687 3823 permanebat;
715 3741 845 3807 diutius
873 3744 955 3826 quid
981 3752 1126 3826 agerent
1149 3743 1291 3809 haesita—

340 3836 436 3916 bant,
454 3840 536 3903 dum
550 3861 613 3906 nec
632 3842 770 3925 penitus
790 3842 989 3926 exspiratus
1006 3864 1069 3908 nec
1087 3844 1290 3908 melioratus

337 3935 376 3998 in
393 3937 510 4021 ahquo
527 3948 735 4006 cerneretur.
788 3941 882 4007 Inito
911 3943 1048 4007 demum
1073 3942 1231 4022 consilio,
1253 3943 1291 4007 in

338 4034 559 4102 infirmariam
584 4040 682 4105 illum
709 4040 877 4119 deferunt,
907 4043 944 4105 in
974 4043 1065 4106 lecto
1092 4063 1156 4107 suo
1183 4043 1291 4109 collo·

337 4143 468 4215 cantes,
500 4141 559 4202 ubi
593 4138 756 4205 adhibitis
789 4141 990 4206 custodibus
1025 4142 1186 4226 pervigili
1210 4143 1290 4206 dili·
