2858 4876
332 369 398 434 344
587 382 722 430 uocnnr
747 381 796 436 ns
817 378 1025 427 wnuoovuu

172 561 293 601 nonem
335 539 547 615 Messanam,
562 538 618 601 ubi
638 543 674 600 et
688 556 751 600 nos
775 556 838 618 per
861 535 928 600 Dei
952 535 1099 617 gratiam
1120 554 1285 617 persona-

333 640 414 704 liter
430 638 550 702 adesse
570 636 815 719 disposuimus,
831 642 1001 718 quatenus
1017 642 1136 699 nostro
1151 635 1285 699 auxilio

335 746 370 804 et
387 739 530 802 consilio
554 738 728 802 exercitus
753 721 969 799 Christianus
989 735 1174 799 salubriter
1191 735 1285 799 ordi·

335 848 448 916 netur,
466 858 542 902 cum
559 836 796 901 benedictione
813 835 931 900 divina
948 842 983 900 et
1000 835 1192 918 apostolica
1205 854 1286 916 pro-

336 939 500 1002 fecturus.
552 936 628 1000 Nos
645 944 760 1000 autem
779 935 821 1000 de
835 935 1081 1018 omnipotentis
1098 934 1166 998 Dei
1182 933 1286 998 mise-

336 1038 485 1102 ricordia
509 1043 544 1100 et
559 1037 739 1100 beatorum
760 1035 997 1118 apostolorum
1013 1034 1110 1100 Petri
1131 1042 1165 1099 et
1182 1033 1287 1098 Pauli

336 1137 543 1204 auctoritate
568 1135 701 1212 confisi,
721 1155 765 1198 ex
785 1135 858 1212 illa,
880 1155 983 1218 quam
1003 1135 1114 1212 nobis,
1135 1134 1217 1199 licet
1231 1135 1286 1197 in-

337 1238 464 1319 dignis,
481 1236 578 1300 Deus
599 1235 731 1318 ligandi
750 1242 855 1318 atque
876 1235 1032 1300 solvendi
1052 1235 1201 1299 contulit
1222 1254 1290 1317 p0·,

337 1344 510 1413 testatem,
533 1337 704 1413 omnibus,
719 1335 779 1417 qui
800 1336 951 1399 laborem
969 1336 1073 1399 istum
1088 1335 1123 1397 in
1138 1335 1287 1417 propriis

336 1436 494 1518 personis
521 1436 689 1499 subierint
716 1442 752 1498 et
778 1436 953 1518 expensis,
980 1437 1117 1517 plenam
1143 1455 1285 1499 suorum

336 1536 585 1618 peccaminum,
616 1535 807 1617 dequibus
835 1535 1003 1600 veraciter
1027 1534 1156 1599 fuerint
1181 1535 1285 1599 corde

338 1636 489 1712 contriti,
518 1654 576 1698 ore
603 1635 763 1713 confessi,
781 1636 915 1698 veniam
935 1634 1165 1717 indulgemus,
1192 1634 1287 1699 etin

338 1734 563 1798 retributione
582 1734 757 1818 justorum
780 1735 903 1798 salutis
928 1742 1067 1798 aeternae
1086 1735 1289 1818 pollicemur

338 1842 582 1916 augmentum3
608 1835 658 1898 eis
683 1842 810 1911 autem,
827 1835 885 1916 qui
902 1854 970 1898 non
995 1835 1192 1916 inpropriis
1207 1855 1286 1917 per-

338 1934 433 1997 sonis
454 1935 536 1997 illuc
553 1934 774 2013 accesserint,
794 1935 853 1998 scd
871 1934 907 1997 in
922 1936 994 1998 suis
1008 1935 1169 2017 expensis
1182 1937 1290 2018 juxta

337 2033 539 2097 facultatem
561 2053 659 2097 snam
680 2035 772 2098 viros
800 2034 942 2098 idoneos
968 2035 1226 2113 destinaverint,
1253 2045 1289 2100 et

338 2134 445 2216 quiin
462 2133 583 2197 alienis
598 2135 759 2216 expensis
775 2134 810 2197 in
831 2125 980 2217 propriis
996 2133 1152 2217 personis
1174 2155 1292 2200 acces·

339 2234 457 2310 serint,
480 2234 616 2315 plenam
640 2234 857 2298 concedimus
886 2253 1025 2298 suorum
1047 2236 1182 2298 veniam
1207 2256 1290 2318 pec·

338 2340 503 2396 catorum.
549 2333 669 2416 Hujus
691 2353 829 2417 quoque
845 2334 1055 2398 remissionis
1069 2334 1291 2399 concedimus

338 2451 413 2495 esse
438 2433 637 2515 participes
656 2434 715 2516 qui
730 2433 773 2496 ad
785 2434 1047 2498 subventionem
1062 2435 1170 2517 ipsius
1185 2442 1288 2499 terrae

338 2533 380 2595 de
409 2532 508 2596 bonis
534 2534 606 2597 suis
636 2553 787 2615 congrue
817 2534 1074 2609 ministrabunt,
1104 2541 1165 2598 aut
1195 2536 1289 2600 circa

338 2631 504 2715 praedicta
526 2633 704 2697 consilium
729 2640 763 2697 et
784 2632 952 2696 auxilium
974 2634 1215 2715 impenderunt
1232 2655 1294 2718 op-

338 2738 536 2813 portunum.
566 2732 735 2796 Omnibus
749 2734 852 2796 etiam
868 2733 1165 2815 proficiscentibus
1176 2736 1211 2798 in
1224 2735 1292 2800 hoc

339 2849 442 2911 opere
459 2840 582 2893 sancta
598 2839 633 2894 et
646 2833 851 2896 universalis
868 2833 1021 2916 synodus
1043 2835 1240 2898 orationum
1255 2843 1291 2900 et

340 2929 581 2993 beneficiorum
597 2950 737 2995 suorum
754 2932 956 3014 suffragium
969 2934 1180 3016 impertitur,
1191 2937 1291 3000 uteis

340 3029 443 3109 digne
458 3030 616 3110 proficiat
631 3032 674 3095 ad
693 3033 850 3096 salutem.
903 3030 1040 3099 Amen!

352 3204 401 3269 Dc
415 3205 606 3270 accusatione
622 3207 782 3292 diachoni,
795 3207 1029 3272 contrarietas
1043 3207 1278 3295 archiepiscopi,

707 3309 811 3371 Romu
817 3309 924 3392 facto.

175 3457 289 3497 rneara.
392 3428 435 3491 In
459 3430 524 3494 hoc
550 3431 695 3495 concilio
721 3440 893 3496 steterunt
919 3440 1040 3496 contra
1061 3432 1293 3514 archiepisco·

176 3507 308 3606 'didita
340 3548 422 3610 pum
454 3529 738 3595 Cantuariensem
769 3538 1009 3614 procuratores
1040 3533 1131 3614 regis
1157 3531 1294 3615 Anglo-

176 3608 266 3696 ilidii}
279 3609 314 3647 Μ
341 3648 430 3706 rum,
453 3631 559 3694 abbas
583 3630 743 3695 videlicet
765 3632 807 3695 dc
831 3632 1038 3710 Bello-loco,
1069 3632 1223 3696 Thomas
1250 3632 1299 3695 de·

176 3717 236 3756 ‘¹⁰⁹⁰'
342 3727 563 3793 Herdintona
589 3737 624 3795 et
649 3729 858 3794 Godefridus
884 3731 926 3794 de
947 3732 1175 3808 Craucnmbe‚
1203 3733 1294 3796 mili-

341 3834 406 3904 tes,
440 3837 641 3894 constanter
672 3837 874 3894 accusantes
903 3852 981 3895 eum
1004 3832 1047 3895 de
1074 3833 1296 3896 conniventia

341 3928 509 3993 baronum
528 3928 680 4011 Angliae,
703 3930 864 4014 qnodque
886 3932 995 4014 ipsius
1017 3930 1136 3996 favore
1158 3937 1193 3994 et
1210 3951 1295 3996 con-

342 4027 420 4090 silio
448 4028 549 4092 iidem
572 4031 717 4093 barones
740 4031 868 4095 dictum
892 4050 1006 4112 regem
1027 4051 1049 4094 a
1077 4032 1164 4095 solio
1194 4033 1295 4114 regni

342 4125 513 4208 depellere
536 4129 757 4208 molirentur;
787 4137 821 4194 et
849 4150 926 4193 curn
953 4151 974 4194 a
997 4131 1077 4194 sedo
1100 4131 1294 4214 apostolica
