2858 4876
434 402 572 450 rnoaus
597 405 864 453 nrsronrnnun·.
1060 394 1126 458 305

176 561 265 632 tens,
287 556 321 618 in
346 576 415 638 qua
440 559 552 639 possit
575 559 716 623 honeste
739 561 864 623 morari
887 580 1066 642 quousque
1092 565 1190 628 eiAn
1204 582 1259 621 121⁵.

174 654 238 718 dos
262 674 326 717 sua
351 656 559 736 assignetur,
587 657 773 720 secundum
800 658 891 740 qnod
921 629 1218 741 praedictumclllrll.

175 759 240 829 est,
269 760 305 816 et
325 752 452 818 habeat
472 755 676 818 rationabile
706 757 912 820 esteverium
943 778 1043 821 suum
1069 762 1122 824 in·

175 853 275 915 terim
307 852 351 914 de
382 854 583 932 communi;
623 855 820 935 assignetur
849 864 964 919 autem
997 859 1027 920 ei
1058 880 1121 941 pro

174 950 255 1013 dote
274 969 339 1013 sua
355 952 459 1014 tertia
481 970 561 1034 pars
579 953 687 1015 totius
704 963 805 1016 terrae
824 955 938 1017 mariti
960 957 1026 1032 sui,
1042 977 1120 1038 quae

173 1067 238 1112 sna
256 1048 323 1113 suit
340 1050 376 1113 in
392 1051 477 1126 vita,
494 1051 559 1113 nisi
582 1051 625 1113 de
645 1051 768 1114 minori
790 1052 912 1116 dotata
935 1053 1039 1119 fuerit
1058 1049 1119 1119 ¹ad

174 1148 302 1211 ostium
328 1149 493 1213 ecclesiae.
560 1148 669 1212 Nulla
690 1150 795 1214 vidua
825 1150 1052 1233 distringatur
1075 1156 1118 1217 ad

174 1265 212 1310 se
228 1247 470 1323 maritandum,
487 1247 570 1310 dum
586 1249 733 1311 voluerit
751 1250 865 1312 vivere
881 1251 955 1312 sine
973 1253 1117 1333 marito;

171 1345 222 1409 ita
239 1352 354 1409 tamen
377 1347 469 1428 quod
496 1345 715 1410 securitatem
738 1347 855 1424 faciat,
872 1349 965 1431 quod
989 1370 1026 1412 se
1050 1371 1116 1415 non

174 1445 349 1509 maritabit
366 1445 440 1508 sine
463 1464 606 1508 assensu
630 1452 760 1522 nostro,
776 1447 806 1508 si
824 1447 867 1510 de
885 1448 983 1511 nobis
1002 1456 1117 1514 tenue·

172 1543 229 1607 rit.
283 1543 359 1606 Nos
379 1563 461 1611 vero
483 1544 539 1607 vel
568 1545 687 1608 ballivi
711 1546 820 1608 nostri
844 1567 912 1610 non
941 1547 1117 1612 seisiemus

171 1649 297 1707 terram
326 1642 478 1725 aliquam
500 1662 562 1706 nee
584 1643 751 1706 redditum
776 1664 839 1726 pro
862 1644 978 1708 debito
1000 1646 1116 1727 aliquo

170 1740 335 1824 quamdiu
366 1742 494 1806 catalla
527 1741 691 1805 debitoris
724 1743 909 1824 praesentia
942 1743 1117 1809 sufficiunt

170 1840 214 1904 ad
236 1840 389 1903 debitum
419 1840 629 1904 reddendum
656 1841 787 1923 etipse
814 1841 948 1905 debitor
973 1850 1116 1923 paratus

170 1939 216 2002 sit
239 1938 318 2001 inde
343 1939 553 2003 satisfacere.
607 1939 682 2002 Nee
713 1938 819 2020 plegii
847 1939 956 2021 ipsius
983 1939 1115 2005 debito-

171 2038 218 2101 ris
240 2036 503 2118 distringantur,
520 2038 683 2120 quamdiu
706 2038 780 2119 ipse
802 2039 962 2119 capitalis
980 2038 1115 2102 debitor

171 2135 319 2200 sufficiat
346 2136 388 2200 ad
422 2137 628 2201 solutionem
661 2135 794 2215 debiti;
834 2142 870 2199 et
897 2138 926 2199 si
955 2139 1114 2219 capitalis

168 2234 304 2299 debitor
325 2234 488 2299 defecerit
505 2237 540 2298 in
559 2235 731 2298 solutione
753 2235 871 2311 debiti,
894 2255 962 2298 non
984 2236 1113 2300 babens

168 2335 261 2398 unde
278 2333 411 2410 reddat,
429 2342 489 2398 aut
506 2334 647 2398 reddere
669 2335 754 2398 nolit
771 2354 847 2398 cnm
868 2335 990 2416 possit,
1007 2335 1112 2417 plegii

168 2433 398 2516 respondeant
415 2433 458 2496 de
476 2433 613 2511 debito;
645 2442 691 2509 et,
709 2433 738 2494 si
758 2433 943 2509 voluerint,
963 2431 1113 2496 habeant

167 2539 279 2599 terras
296 2538 331 2595 et
347 2530 501 2596 redditus
524 2531 699 2608 debitoris
722 2550 900 2614 quousque
920 2532 965 2594 sit
984 2533 1033 2594 eis
1056 2551 1111 2595 sa-

168 2631 344 2697 tisfactum
364 2630 407 2693 de
429 2631 556 2707 debito,
575 2631 667 2712 quod
686 2636 767 2693 ante
787 2649 911 2712 proco
933 2629 1111 2706 solverint,

167 2729 234 2793 nisi
259 2729 418 2811 capitalis
445 2730 581 2793 debitor
606 2730 849 2793 monstraverit
871 2748 908 2791 se
936 2728 1015 2792 inde
1037 2749 1112 2794 esse

166 2829 319 2912 quietum
346 2848 465 2893 versus
496 2828 632 2892 eosdem
662 2828 803 2910 plegios.
857 2825 991 2890 Civitas
1019 2827 1111 2891 Lon-

166 2927 346 2992 doniarum
379 2925 505 2990 habeat
527 2946 644 2990 omnes
674 2928 834 3007 antiquas
869 2926 1046 2989 libertates
1077 2934 1111 2989 et

165 3027 292 3093 liberas
315 3026 580 3090 consuetudines
608 3044 699 3088 suas.
751 3025 927 3088 Praeterea
954 3025 1111 3087 volumus

166 3132 202 3190 et
231 3125 460 3200 concedimuS,
495 3124 587 3206 quod
620 3143 737 3187 omnes
772 3123 849 3186 aliae
883 3123 1041 3185 civitates
1076 3130 1111 3185 et

165 3225 268 3304 burgi
291 3231 327 3288 et
346 3224 449 3301 villae,
473 3230 509 3286 et
525 3223 671 3287 barones
693 3223 735 3284 de
757 3220 909 3302 quinque
931 3221 1110 3301 portubus,

165 3330 201 3387 et
218 3342 335 3395 omnes
362 3329 495 3404 portuS,
517 3320 668 3386 habeant
689 3339 806 3384 omnes
829 3319 1007 3382 libertates
1029 3338 1110 3382 suas
1168 3372 1172 3378 .

165 3429 201 3486 et
220 3421 344 3487 liberas
375 3420 639 3485 consuetudines
666 3438 758 3482 suas.
811 3416 939 3480 Nullus
970 3417 1110 3480 distrin-

165 3527 270 3603 gatur
293 3520 337 3582 ad
359 3518 552 3584 iaciendum
584 3518 696 3600 majus
729 3516 905 3596 servitium
938 3515 980 3578 de
1007 3516 1109 3580 feodo

164 3617 296 3696 militis,
319 3638 382 3683 nec
399 3618 442 3681 de
464 3618 532 3681 alio
555 3618 664 3680 libero
682 3621 888 3690 tenemento,
906 3633 1009 3695 quam
1030 3615 1110 3677 inde

164 3718 320 3782 debetur.
374 3716 579 3781 Communia
598 3715 728 3797 placita
752 3733 821 3777 non
843 3719 1033 3795 sequantur
1050 3733 1111 3776 cu-

163 3817 251 3881 riam
268 3823 435 3892 nostram,
450 3815 509 3878 sed
525 3821 708 3877 teneantur
724 3814 760 3876 in
779 3812 895 3894 aliquo
911 3811 988 3875 loco
1003 3819 1108 3876 certo.

165 3914 436 3996 Recognitiones
464 3915 507 3977 de
537 3933 629 3977 nova
657 3912 837 3976 disseisina
869 3910 966 3974 etde
999 3918 1109 3973 morte

163 4014 391 4080 antecessoris
424 4033 493 4077 non
519 4013 701 4094 capiantur
731 4010 797 4072 nisi
826 4009 861 4070 in
889 4007 1109 4071 comitatibus

442 4162 500 4215 ¹Ac
510 4158 620 4230 ostiam]
637 4162 750 4222 wanting
760 4161 787 4208 iu
798 4160 827 4208 C.

211 4256 291 4304 VOL.
308 4256 362 4304 lli.
930 4249 956 4297 X
