<?xml version="1.0" encoding="UTF-8"?>
<!DOCTYPE html PUBLIC "-//W3C//DTD XHTML 1.0 Transitional//EN"
    "http://www.w3.org/TR/xhtml1/DTD/xhtml1-transitional.dtd">
<html xmlns="http://www.w3.org/1999/xhtml" xml:lang="en" lang="en">
 <head>
  <title>
</title>
<meta http-equiv="Content-Type" content="text/html;charset=utf-8" />
  <meta name='ocr-system' content='tesseract 3.04.00' />
  <meta name='ocr-capabilities' content='ocr_page ocr_carea ocr_par ocr_line ocrx_word'/>
</head>
<body>
  <div class='ocr_page' id='page_1' title='image "./rogeridewendove06rogegoog_0101.png"; bbox 0 0 2858 4876; ppageno 0'>
   <div class='ocr_carea' id='block_1_1' title="bbox 336 393 1028 459">
    <p class='ocr_par' dir='ltr' id='par_1_1' title="bbox 336 393 1028 459">
     <span class='ocr_line' id='line_1_1' title="bbox 336 393 1028 459; baseline -0.004 -2"><span class='ocrx_word' id='word_1_1' title='bbox 336 393 379 459; x_wconf 69' lang='grc'>92</span> <span class='ocrx_word' id='word_1_2' title='bbox 591 407 727 455; x_wconf 84' lang='lat' dir='ltr'>noonnr</span> <span class='ocrx_word' id='word_1_3' title='bbox 751 406 798 454; x_wconf 82' lang='lat' dir='ltr'>nu</span> <span class='ocrx_word' id='word_1_4' title='bbox 821 405 1028 455; x_wconf 81' lang='lat' dir='ltr'>wunnovnn</span> 
     </span>
    </p>
   </div>
   <div class='ocr_carea' id='block_1_2' title="bbox 174 562 1379 4202">
    <p class='ocr_par' dir='ltr' id='par_1_2' title="bbox 174 562 1379 648">
     <span class='ocr_line' id='line_1_2' title="bbox 174 562 1379 648; baseline -0.002 -19"><span class='ocrx_word' id='word_1_5' title='bbox 174 581 229 622; x_wconf 71' lang='lat' dir='ltr'>aa</span> <span class='ocrx_word' id='word_1_6' title='bbox 242 583 297 622; x_wconf 79' lang='lat'>119⁵·</span> <span class='ocrx_word' id='word_1_7' title='bbox 338 585 509 630; x_wconf 88' lang='lat' dir='ltr'>armorum</span> <span class='ocrx_word' id='word_1_8' title='bbox 531 564 659 630; x_wconf 88' lang='lat' dir='ltr'>fiducia</span> <span class='ocrx_word' id='word_1_9' title='bbox 680 570 846 647; x_wconf 80' lang='lat' dir='ltr'>exsurget</span> <span class='ocrx_word' id='word_1_10' title='bbox 868 565 977 641; x_wconf 88' lang='lat' dir='ltr'>Deus,</span> <span class='ocrx_word' id='word_1_11' title='bbox 1003 570 1038 627; x_wconf 91' lang='lat' dir='ltr'>et</span> <span class='ocrx_word' id='word_1_12' title='bbox 1056 562 1185 627; x_wconf 90' lang='lat' dir='ltr'>inimici</span> <span class='ocrx_word' id='word_1_13' title='bbox 1211 563 1287 648; x_wconf 90' lang='lat' dir='ltr'>ejus</span> <span class='ocrx_word' id='word_1_14' title='bbox 1376 572 1379 578; x_wconf 84' lang='grc'><em>“</em></span> 
     </span>
    </p>

    <p class='ocr_par' dir='ltr' id='par_1_3' title="bbox 336 663 1331 948">
     <span class='ocr_line' id='line_1_3' title="bbox 338 663 1331 754; baseline 0 -26"><span class='ocrx_word' id='word_1_15' title='bbox 338 665 610 749; x_wconf 90' lang='lat' dir='ltr'>dissipabuntur,</span> <span class='ocrx_word' id='word_1_16' title='bbox 634 672 670 729; x_wconf 89' lang='lat' dir='ltr'>et</span> <span class='ocrx_word' id='word_1_17' title='bbox 695 665 830 746; x_wconf 78' lang='lat' dir='ltr'>fugient</span> <span class='ocrx_word' id='word_1_18' title='bbox 852 683 874 728; x_wconf 91' lang='lat' dir='ltr'>a</span> <span class='ocrx_word' id='word_1_19' title='bbox 899 664 988 728; x_wconf 89' lang='lat' dir='ltr'>facie</span> <span class='ocrx_word' id='word_1_20' title='bbox 1010 663 1098 747; x_wconf 93' lang='lat' dir='ltr'>ejus,</span> <span class='ocrx_word' id='word_1_21' title='bbox 1120 663 1180 746; x_wconf 90' lang='lat' dir='ltr'>qui</span> <span class='ocrx_word' id='word_1_22' title='bbox 1205 664 1287 728; x_wconf 90' lang='lat' dir='ltr'>ode·</span> <span class='ocrx_word' id='word_1_23' title='bbox 1328 749 1331 754; x_wconf 85' lang='lat'>.</span> 
     </span>
     <span class='ocr_line' id='line_1_4' title="bbox 337 763 1287 845; baseline -0.003 -16"><span class='ocrx_word' id='word_1_24' title='bbox 337 772 420 829; x_wconf 86' lang='lat' dir='ltr'>runt</span> <span class='ocrx_word' id='word_1_25' title='bbox 441 784 531 829; x_wconf 92' lang='lat' dir='ltr'>eum.</span> <span class='ocrx_word' id='word_1_26' title='bbox 578 763 655 828; x_wconf 91' lang='lat' dir='ltr'>Nos</span> <span class='ocrx_word' id='word_1_27' title='bbox 680 771 795 828; x_wconf 92' lang='lat' dir='ltr'>autem</span> <span class='ocrx_word' id='word_1_28' title='bbox 819 763 856 826; x_wconf 92' lang='lat' dir='ltr'>in</span> <span class='ocrx_word' id='word_1_29' title='bbox 882 763 964 841; x_wconf 85' lang='lat' dir='ltr'>illis,</span> <span class='ocrx_word' id='word_1_30' title='bbox 988 763 1047 845; x_wconf 91' lang='lat' dir='ltr'>qui</span> <span class='ocrx_word' id='word_1_31' title='bbox 1071 782 1135 844; x_wconf 92' lang='lat' dir='ltr'>pro</span> <span class='ocrx_word' id='word_1_32' title='bbox 1162 763 1287 826; x_wconf 88' lang='lat' dir='ltr'>divini-</span> 
     </span>
     <span class='ocr_line' id='line_1_5' title="bbox 336 862 1288 948; baseline -0.003 -19"><span class='ocrx_word' id='word_1_33' title='bbox 336 865 422 929; x_wconf 87' lang='lat' dir='ltr'>tatis</span> <span class='ocrx_word' id='word_1_34' title='bbox 442 884 558 929; x_wconf 90' lang='lat' dir='ltr'>amore</span> <span class='ocrx_word' id='word_1_35' title='bbox 576 863 680 948; x_wconf 92' lang='lat' dir='ltr'>hujus</span> <span class='ocrx_word' id='word_1_36' title='bbox 706 862 993 946; x_wconf 82' lang='lat' dir='ltr'>peregrinationis</span> <span class='ocrx_word' id='word_1_37' title='bbox 1013 862 1167 926; x_wconf 88' lang='lat' dir='ltr'>laborem</span> <span class='ocrx_word' id='word_1_38' title='bbox 1190 880 1288 926; x_wconf 67' lang='lat' dir='ltr'>assu÷</span> 
     </span>
    </p>

    <p class='ocr_par' dir='ltr' id='par_1_4' title="bbox 296 960 1289 2435">
     <span class='ocr_line' id='line_1_6' title="bbox 296 960 1288 1046; baseline -0.003 -18"><span class='ocrx_word' id='word_1_39' title='bbox 296 960 302 972; x_wconf 85' lang='lat'>&#39;</span> <span class='ocrx_word' id='word_1_40' title='bbox 338 983 443 1042; x_wconf 90' lang='lat' dir='ltr'>mere,</span> <span class='ocrx_word' id='word_1_41' title='bbox 463 972 519 1043; x_wconf 88' lang='lat' dir='ltr'>et,</span> <span class='ocrx_word' id='word_1_42' title='bbox 533 964 570 1027; x_wconf 92' lang='lat' dir='ltr'>in</span> <span class='ocrx_word' id='word_1_43' title='bbox 589 969 758 1046; x_wconf 90' lang='lat' dir='ltr'>quantum</span> <span class='ocrx_word' id='word_1_44' title='bbox 779 962 817 1027; x_wconf 91' lang='lat' dir='ltr'>in</span> <span class='ocrx_word' id='word_1_45' title='bbox 843 981 881 1026; x_wconf 86' lang='lat' dir='ltr'>se</span> <span class='ocrx_word' id='word_1_46' title='bbox 907 961 1023 1038; x_wconf 86' lang='lat' dir='ltr'>fuerit,</span> <span class='ocrx_word' id='word_1_47' title='bbox 1045 961 1187 1044; x_wconf 88' lang='lat' dir='ltr'>implere</span> <span class='ocrx_word' id='word_1_48' title='bbox 1213 969 1288 1026; x_wconf 86' lang='lat' dir='ltr'>stu-</span> 
     </span>
     <span class='ocr_line' id='line_1_7' title="bbox 337 1060 1288 1140; baseline -0.001 -14"><span class='ocrx_word' id='word_1_49' title='bbox 337 1064 488 1140; x_wconf 90' lang='lat' dir='ltr'>duerint,</span> <span class='ocrx_word' id='word_1_50' title='bbox 515 1063 558 1126; x_wconf 91' lang='lat' dir='ltr'>de</span> <span class='ocrx_word' id='word_1_51' title='bbox 582 1061 718 1126; x_wconf 88' lang='lat' dir='ltr'>indulto</span> <span class='ocrx_word' id='word_1_52' title='bbox 744 1062 844 1125; x_wconf 90' lang='lat' dir='ltr'>nobis</span> <span class='ocrx_word' id='word_1_53' title='bbox 869 1080 891 1125; x_wconf 89' lang='lat' dir='ltr'>a</span> <span class='ocrx_word' id='word_1_54' title='bbox 920 1060 1071 1125; x_wconf 92' lang='lat' dir='ltr'>Domino</span> <span class='ocrx_word' id='word_1_55' title='bbox 1097 1061 1288 1137; x_wconf 83' lang='lat' dir='ltr'>auctorita·</span> 
     </span>
     <span class='ocr_line' id='line_1_8' title="bbox 338 1159 1288 1243; baseline -0.003 -16"><span class='ocrx_word' id='word_1_56' title='bbox 338 1162 384 1227; x_wconf 91' lang='lat' dir='ltr'>tis</span> <span class='ocrx_word' id='word_1_57' title='bbox 406 1161 518 1228; x_wconf 91' lang='lat' dir='ltr'>officio</span> <span class='ocrx_word' id='word_1_58' title='bbox 540 1162 637 1231; x_wconf 90' lang='lat' dir='ltr'>illam</span> <span class='ocrx_word' id='word_1_59' title='bbox 661 1160 895 1225; x_wconf 84' lang='lat' dir='ltr'>remissionem</span> <span class='ocrx_word' id='word_1_60' title='bbox 918 1159 1089 1243; x_wconf 72' lang='lat' dir='ltr'>impositae</span> <span class='ocrx_word' id='word_1_61' title='bbox 1117 1161 1288 1242; x_wconf 90' lang='lat' dir='ltr'>poeniten-</span> 
     </span>
     <span class='ocr_line' id='line_1_9' title="bbox 339 1259 1288 1345; baseline -0.003 -19"><span class='ocrx_word' id='word_1_62' title='bbox 339 1263 398 1326; x_wconf 85' lang='lat' dir='ltr'>tiae</span> <span class='ocrx_word' id='word_1_63' title='bbox 423 1282 486 1345; x_wconf 87' lang='lat' dir='ltr'>per</span> <span class='ocrx_word' id='word_1_64' title='bbox 509 1260 724 1326; x_wconf 89' lang='lat' dir='ltr'>sacerdotale</span> <span class='ocrx_word' id='word_1_65' title='bbox 746 1259 974 1323; x_wconf 91' lang='lat' dir='ltr'>ministerium</span> <span class='ocrx_word' id='word_1_66' title='bbox 1000 1259 1157 1336; x_wconf 85' lang='lat' dir='ltr'>facimus,</span> <span class='ocrx_word' id='word_1_67' title='bbox 1181 1279 1288 1340; x_wconf 91' lang='lat' dir='ltr'>quam</span> 
     </span>
     <span class='ocr_line' id='line_1_10' title="bbox 337 1358 1288 1443; baseline -0.002 -19"><span class='ocrx_word' id='word_1_68' title='bbox 337 1360 607 1443; x_wconf 77' lang='lat' dir='ltr'>praedecessores</span> <span class='ocrx_word' id='word_1_69' title='bbox 628 1359 739 1424; x_wconf 87' lang='lat' dir='ltr'>nostri</span> <span class='ocrx_word' id='word_1_70' title='bbox 765 1358 839 1423; x_wconf 88' lang='lat' dir='ltr'>suis</span> <span class='ocrx_word' id='word_1_71' title='bbox 863 1365 1054 1423; x_wconf 87' lang='lat' dir='ltr'>noscuntur</span> <span class='ocrx_word' id='word_1_72' title='bbox 1076 1360 1288 1442; x_wconf 87' lang='lat' dir='ltr'>temporibus</span> 
     </span>
     <span class='ocr_line' id='line_1_11' title="bbox 337 1456 1289 1540; baseline -0.002 -17"><span class='ocrx_word' id='word_1_73' title='bbox 337 1461 513 1538; x_wconf 88' lang='lat' dir='ltr'>statuisse,</span> <span class='ocrx_word' id='word_1_74' title='bbox 533 1466 586 1537; x_wconf 93' lang='lat' dir='ltr'>ut,</span> <span class='ocrx_word' id='word_1_75' title='bbox 602 1458 774 1535; x_wconf 84' lang='lat' dir='ltr'>videlicet,</span> <span class='ocrx_word' id='word_1_76' title='bbox 796 1457 855 1540; x_wconf 91' lang='lat' dir='ltr'>qui</span> <span class='ocrx_word' id='word_1_77' title='bbox 876 1457 980 1522; x_wconf 92' lang='lat' dir='ltr'>corde</span> <span class='ocrx_word' id='word_1_78' title='bbox 1003 1456 1153 1522; x_wconf 89' lang='lat' dir='ltr'>contrito</span> <span class='ocrx_word' id='word_1_79' title='bbox 1172 1465 1208 1522; x_wconf 90' lang='lat' dir='ltr'>et</span> <span class='ocrx_word' id='word_1_80' title='bbox 1225 1458 1289 1521; x_wconf 91' lang='lat' dir='ltr'>hu-</span> 
     </span>
     <span class='ocr_line' id='line_1_12' title="bbox 336 1557 1287 1643; baseline -0.005 -21"><span class='ocrx_word' id='word_1_81' title='bbox 336 1560 471 1624; x_wconf 89' lang='lat' dir='ltr'>miliato</span> <span class='ocrx_word' id='word_1_82' title='bbox 490 1558 615 1643; x_wconf 93' lang='lat' dir='ltr'>spiritu</span> <span class='ocrx_word' id='word_1_83' title='bbox 634 1558 788 1622; x_wconf 86' lang='lat' dir='ltr'>laborem</span> <span class='ocrx_word' id='word_1_84' title='bbox 803 1557 908 1641; x_wconf 92' lang='lat' dir='ltr'>hujus</span> <span class='ocrx_word' id='word_1_85' title='bbox 927 1557 1213 1641; x_wconf 82' lang='lat' dir='ltr'>peregrinationis</span> <span class='ocrx_word' id='word_1_86' title='bbox 1230 1577 1287 1624; x_wconf 88' lang='lat' dir='ltr'>as.-</span> 
     </span>
     <span class='ocr_line' id='line_1_13' title="bbox 334 1655 1287 1741; baseline 0 -19"><span class='ocrx_word' id='word_1_87' title='bbox 334 1659 559 1741; x_wconf 88' lang='lat' dir='ltr'>snmpserint,</span> <span class='ocrx_word' id='word_1_88' title='bbox 582 1665 618 1722; x_wconf 88' lang='lat' dir='ltr'>et</span> <span class='ocrx_word' id='word_1_89' title='bbox 641 1658 677 1723; x_wconf 91' lang='lat' dir='ltr'>in</span> <span class='ocrx_word' id='word_1_90' title='bbox 704 1655 944 1740; x_wconf 87' lang='lat' dir='ltr'>poenitentiam</span> <span class='ocrx_word' id='word_1_91' title='bbox 971 1664 1193 1739; x_wconf 89' lang='lat' dir='ltr'>peccatorum</span> <span class='ocrx_word' id='word_1_92' title='bbox 1220 1657 1287 1723; x_wconf 91' lang='lat' dir='ltr'>hoc</span> 
     </span>
     <span class='ocr_line' id='line_1_14' title="bbox 336 1756 1287 1840; baseline 0 -20"><span class='ocrx_word' id='word_1_93' title='bbox 336 1757 409 1837; x_wconf 87' lang='lat' dir='ltr'>iter</span> <span class='ocrx_word' id='word_1_94' title='bbox 433 1757 660 1840; x_wconf 86' lang='lat' dir='ltr'>expedierint,</span> <span class='ocrx_word' id='word_1_95' title='bbox 686 1757 779 1822; x_wconf 90' lang='lat' dir='ltr'>siin</span> <span class='ocrx_word' id='word_1_96' title='bbox 806 1756 873 1819; x_wconf 89' lang='lat' dir='ltr'>fide</span> <span class='ocrx_word' id='word_1_97' title='bbox 898 1756 1119 1833; x_wconf 87' lang='lat' dir='ltr'>decesserint,</span> <span class='ocrx_word' id='word_1_98' title='bbox 1147 1756 1287 1839; x_wconf 87' lang='lat' dir='ltr'>plenam</span> 
     </span>
     <span class='ocr_line' id='line_1_15' title="bbox 336 1855 1288 1937; baseline 0 -17"><span class='ocrx_word' id='word_1_99' title='bbox 336 1874 475 1920; x_wconf 87' lang='lat' dir='ltr'>suorum</span> <span class='ocrx_word' id='word_1_100' title='bbox 496 1856 675 1920; x_wconf 86' lang='lat' dir='ltr'>criminum</span> <span class='ocrx_word' id='word_1_101' title='bbox 698 1855 950 1937; x_wconf 90' lang='lat' dir='ltr'>indulgentiam</span> <span class='ocrx_word' id='word_1_102' title='bbox 973 1863 1010 1920; x_wconf 87' lang='lat' dir='ltr'>et</span> <span class='ocrx_word' id='word_1_103' title='bbox 1032 1856 1150 1920; x_wconf 75' lang='lat' dir='ltr'>vitam.</span> <span class='ocrx_word' id='word_1_104' title='bbox 1166 1875 1288 1920; x_wconf 88' lang='lat' dir='ltr'>conse·</span> 
     </span>
     <span class='ocr_line' id='line_1_16' title="bbox 336 1954 1286 2038; baseline 0.002 -20"><span class='ocrx_word' id='word_1_105' title='bbox 336 1957 487 2038; x_wconf 81' lang='lat' dir='ltr'>&#39;quantur</span> <span class='ocrx_word' id='word_1_106' title='bbox 517 1961 694 2020; x_wconf 86' lang='lat' dir='ltr'>aeternam.</span> <span class='ocrx_word' id='word_1_107' title='bbox 752 1955 852 2021; x_wconf 88' lang='lat' dir='ltr'>Bona</span> <span class='ocrx_word' id='word_1_108' title='bbox 882 1972 1021 2037; x_wconf 87' lang='lat' dir='ltr'>quoquc</span> <span class='ocrx_word' id='word_1_109' title='bbox 1047 1954 1213 2036; x_wconf 89' lang='lat' dir='ltr'>ipsorum,</span> <span class='ocrx_word' id='word_1_110' title='bbox 1240 1976 1286 2020; x_wconf 84' lang='lat' dir='ltr'>ex</span> 
     </span>
     <span class='ocr_line' id='line_1_17' title="bbox 338 2052 1286 2137; baseline 0.001 -19"><span class='ocrx_word' id='word_1_111' title='bbox 338 2074 408 2136; x_wconf 93' lang='lat' dir='ltr'>quo</span> <span class='ocrx_word' id='word_1_112' title='bbox 425 2073 560 2120; x_wconf 89' lang='lat' dir='ltr'>crucem</span> <span class='ocrx_word' id='word_1_113' title='bbox 578 2054 787 2137; x_wconf 90' lang='lat' dir='ltr'>acceperint,</span> <span class='ocrx_word' id='word_1_114' title='bbox 797 2052 876 2117; x_wconf 79' lang='lat' dir='ltr'>cu&#39;m</span> <span class='ocrx_word' id='word_1_115' title='bbox 892 2053 1033 2117; x_wconf 85' lang='lat' dir='ltr'>familiis</span> <span class='ocrx_word' id='word_1_116' title='bbox 1048 2054 1122 2120; x_wconf 89' lang='lat' dir='ltr'>suis</span> <span class='ocrx_word' id='word_1_117' title='bbox 1133 2056 1198 2119; x_wconf 93' lang='lat' dir='ltr'>sub</span> <span class='ocrx_word' id='word_1_118' title='bbox 1212 2055 1286 2119; x_wconf 95' lang='lat' dir='ltr'>Ro-</span> 
     </span>
     <span class='ocr_line' id='line_1_18' title="bbox 337 2152 1286 2237; baseline 0.001 -20"><span class='ocrx_word' id='word_1_119' title='bbox 337 2174 449 2237; x_wconf 87' lang='lat' dir='ltr'>manae</span> <span class='ocrx_word' id='word_1_120' title='bbox 466 2154 620 2218; x_wconf 87' lang='lat' dir='ltr'>ecclesiae</span> <span class='ocrx_word' id='word_1_121' title='bbox 639 2171 772 2217; x_wconf 87' lang='lat' dir='ltr'>necnon</span> <span class='ocrx_word' id='word_1_122' title='bbox 787 2160 829 2236; x_wconf 67' lang='lat' dir='ltr'>et⁴</span> <span class='ocrx_word' id='word_1_123' title='bbox 840 2152 1174 2237; x_wconf 90' lang='lat' dir='ltr'>archiepiscoporum</span> <span class='ocrx_word' id='word_1_124' title='bbox 1198 2155 1286 2219; x_wconf 88' lang='lat' dir='ltr'>alio-</span> 
     </span>
     <span class='ocr_line' id='line_1_19' title="bbox 336 2247 1286 2336; baseline 0.001 -20"><span class='ocrx_word' id='word_1_125' title='bbox 336 2255 480 2336; x_wconf 86' lang='lat' dir='ltr'>rumque</span> <span class='ocrx_word' id='word_1_126' title='bbox 500 2254 658 2318; x_wconf 77' lang='lat' dir='ltr'>ecclesiae</span> <span class='ocrx_word' id='word_1_127' title='bbox 670 2247 894 2335; x_wconf 86' lang='lat' dir='ltr'>praelatorum</span> <span class='ocrx_word' id='word_1_128' title='bbox 918 2248 1132 2336; x_wconf 83' lang='lat' dir='ltr'>protectione</span> <span class='ocrx_word' id='word_1_129' title='bbox 1144 2255 1286 2319; x_wconf 85' lang='lat' dir='ltr'>consis-</span> 
     </span>
     <span class='ocr_line' id='line_1_20' title="bbox 336 2351 1286 2435; baseline 0.001 -20"><span class='ocrx_word' id='word_1_130' title='bbox 336 2359 432 2433; x_wconf 91' lang='lat' dir='ltr'>tant;</span> <span class='ocrx_word' id='word_1_131' title='bbox 461 2361 496 2419; x_wconf 90' lang='lat' dir='ltr'>et</span> <span class='ocrx_word' id='word_1_132' title='bbox 520 2353 650 2416; x_wconf 92' lang='lat' dir='ltr'>nullam</span> <span class='ocrx_word' id='word_1_133' title='bbox 669 2352 712 2415; x_wconf 91' lang='lat' dir='ltr'>de</span> <span class='ocrx_word' id='word_1_134' title='bbox 732 2352 810 2430; x_wconf 83' lang='lat' dir='ltr'>hiis,</span> <span class='ocrx_word' id='word_1_135' title='bbox 826 2370 905 2435; x_wconf 88' lang='lat' dir='ltr'>quae</span> <span class='ocrx_word' id='word_1_136' title='bbox 921 2351 958 2414; x_wconf 91' lang='lat' dir='ltr'>in</span> <span class='ocrx_word' id='word_1_137' title='bbox 974 2352 1193 2434; x_wconf 87' lang='lat' dir='ltr'>susceptione</span> <span class='ocrx_word' id='word_1_138' title='bbox 1208 2373 1286 2417; x_wconf 90' lang='lat' dir='ltr'>cru-</span> 
     </span>
    </p>

    <p class='ocr_par' dir='ltr' id='par_1_5' title="bbox 295 2449 1286 4202">
     <span class='ocr_line' id='line_1_21' title="bbox 295 2449 1286 2535; baseline 0.003 -20"><span class='ocrx_word' id='word_1_139' title='bbox 295 2453 386 2516; x_wconf 59' lang='lat' dir='ltr'>n‘cis</span> <span class='ocrx_word' id='word_1_140' title='bbox 411 2452 526 2534; x_wconf 91' lang='lat' dir='ltr'>quiete</span> <span class='ocrx_word' id='word_1_141' title='bbox 548 2451 787 2535; x_wconf 87' lang='lat' dir='ltr'>possederunt,</span> <span class='ocrx_word' id='word_1_142' title='bbox 806 2451 915 2514; x_wconf 87' lang='lat' dir='ltr'>donec</span> <span class='ocrx_word' id='word_1_143' title='bbox 934 2449 977 2515; x_wconf 90' lang='lat' dir='ltr'>de</span> <span class='ocrx_word' id='word_1_144' title='bbox 996 2451 1151 2534; x_wconf 90' lang='lat' dir='ltr'>ipsorum</span> <span class='ocrx_word' id='word_1_145' title='bbox 1173 2452 1286 2519; x_wconf 86' lang='lat' dir='ltr'>reditu</span> 
     </span>
     <span class='ocr_line' id='line_1_22' title="bbox 337 2549 1286 2634; baseline 0.002 -20"><span class='ocrx_word' id='word_1_146' title='bbox 337 2551 393 2614; x_wconf 90' lang='lat' dir='ltr'>vel</span> <span class='ocrx_word' id='word_1_147' title='bbox 404 2551 501 2615; x_wconf 91' lang='lat' dir='ltr'>obitu</span> <span class='ocrx_word' id='word_1_148' title='bbox 512 2551 702 2617; x_wconf 88' lang='lat' dir='ltr'>certissime</span> <span class='ocrx_word' id='word_1_149' title='bbox 711 2557 953 2632; x_wconf 88' lang='lat' dir='ltr'>cognoscatur,</span> <span class='ocrx_word' id='word_1_150' title='bbox 964 2549 1158 2615; x_wconf 86' lang='lat' dir='ltr'>sustineant</span> <span class='ocrx_word' id='word_1_151' title='bbox 1172 2571 1286 2634; x_wconf 88' lang='lat' dir='ltr'>quaes-</span> 
     </span>
     <span class='ocr_line' id='line_1_23' title="bbox 336 2649 1286 2732; baseline 0.006 -19"><span class='ocrx_word' id='word_1_152' title='bbox 336 2649 479 2728; x_wconf 87' lang='lat' dir='ltr'>tionem,</span> <span class='ocrx_word' id='word_1_153' title='bbox 513 2650 574 2714; x_wconf 90' lang='lat' dir='ltr'>sed</span> <span class='ocrx_word' id='word_1_154' title='bbox 609 2651 701 2714; x_wconf 89' lang='lat' dir='ltr'>bona</span> <span class='ocrx_word' id='word_1_155' title='bbox 729 2649 883 2732; x_wconf 90' lang='lat' dir='ltr'>ipsorum</span> <span class='ocrx_word' id='word_1_156' title='bbox 911 2649 1049 2731; x_wconf 86' lang='lat' dir='ltr'>integra</span> <span class='ocrx_word' id='word_1_157' title='bbox 1084 2659 1286 2720; x_wconf 84' lang='lat' dir='ltr'>remaneant</span> 
     </span>
     <span class='ocr_line' id='line_1_24' title="bbox 335 2748 1282 2832; baseline 0.004 -21"><span class='ocrx_word' id='word_1_158' title='bbox 335 2748 473 2812; x_wconf 79' lang='lat' dir='ltr'>interim</span> <span class='ocrx_word' id='word_1_159' title='bbox 500 2755 535 2813; x_wconf 88' lang='lat' dir='ltr'>et</span> <span class='ocrx_word' id='word_1_160' title='bbox 559 2750 700 2832; x_wconf 84' lang='lat' dir='ltr'>quieta3</span> <span class='ocrx_word' id='word_1_161' title='bbox 724 2749 775 2813; x_wconf 90' lang='lat' dir='ltr'>illi</span> <span class='ocrx_word' id='word_1_162' title='bbox 801 2756 929 2825; x_wconf 90' lang='lat' dir='ltr'>autem,</span> <span class='ocrx_word' id='word_1_163' title='bbox 951 2748 1012 2831; x_wconf 93' lang='lat' dir='ltr'>qui</span> <span class='ocrx_word' id='word_1_164' title='bbox 1035 2749 1072 2813; x_wconf 92' lang='lat' dir='ltr'>in</span> <span class='ocrx_word' id='word_1_165' title='bbox 1091 2749 1282 2815; x_wconf 89' lang='lat' dir='ltr'>subsidium</span> 
     </span>
     <span class='ocr_line' id='line_1_25' title="bbox 331 2847 1283 2931; baseline 0.001 -19"><span class='ocrx_word' id='word_1_166' title='bbox 331 2847 439 2912; x_wconf 88' lang='lat' dir='ltr'>terrae</span> <span class='ocrx_word' id='word_1_167' title='bbox 455 2848 549 2912; x_wconf 91' lang='lat' dir='ltr'>illius</span> <span class='ocrx_word' id='word_1_168' title='bbox 574 2848 617 2912; x_wconf 91' lang='lat' dir='ltr'>de</span> <span class='ocrx_word' id='word_1_169' title='bbox 638 2849 738 2913; x_wconf 85' lang='lat' dir='ltr'>bonis</span> <span class='ocrx_word' id='word_1_170' title='bbox 762 2848 834 2913; x_wconf 90' lang='lat' dir='ltr'>suis</span> <span class='ocrx_word' id='word_1_171' title='bbox 853 2847 936 2913; x_wconf 90' lang='lat' dir='ltr'>illue</span> <span class='ocrx_word' id='word_1_172' title='bbox 952 2847 1218 2931; x_wconf 86' lang='lat' dir='ltr'>transmiserint,</span> <span class='ocrx_word' id='word_1_173' title='bbox 1240 2849 1283 2913; x_wconf 87' lang='lat' dir='ltr'>de</span> 
     </span>
     <span class='ocr_line' id='line_1_26' title="bbox 329 2947 1283 3031; baseline 0.001 -20"><span class='ocrx_word' id='word_1_174' title='bbox 329 2948 487 3030; x_wconf 90' lang='lat' dir='ltr'>peccatis</span> <span class='ocrx_word' id='word_1_175' title='bbox 504 2949 577 3015; x_wconf 90' lang='lat' dir='ltr'>suis</span> <span class='ocrx_word' id='word_1_176' title='bbox 592 2948 730 3013; x_wconf 85' lang='lat' dir='ltr'>veniam</span> <span class='ocrx_word' id='word_1_177' title='bbox 744 2953 1000 3030; x_wconf 87' lang='lat' dir='ltr'>consequentur</span> <span class='ocrx_word' id='word_1_178' title='bbox 1010 2947 1117 3031; x_wconf 86' lang='lat' dir='ltr'>juxta</span> <span class='ocrx_word' id='word_1_179' title='bbox 1133 2967 1196 3014; x_wconf 90' lang='lat' dir='ltr'>sua</span> <span class='ocrx_word' id='word_1_180' title='bbox 1211 2969 1283 3012; x_wconf 92' lang='lat' dir='ltr'>mo-</span> 
     </span>
     <span class='ocr_line' id='line_1_27' title="bbox 331 3044 1283 3132; baseline 0.003 -23"><span class='ocrx_word' id='word_1_181' title='bbox 331 3046 512 3113; x_wconf 89' lang='lat' dir='ltr'>deramina</span> <span class='ocrx_word' id='word_1_182' title='bbox 539 3048 774 3132; x_wconf 83' lang='lat' dir='ltr'>praelatorum.</span> <span class='ocrx_word' id='word_1_183' title='bbox 826 3044 959 3111; x_wconf 87' lang='lat' dir='ltr'>Verum</span> <span class='ocrx_word' id='word_1_184' title='bbox 990 3047 1065 3122; x_wconf 91' lang='lat' dir='ltr'>tibi,</span> <span class='ocrx_word' id='word_1_185' title='bbox 1090 3046 1199 3112; x_wconf 87' lang='lat' dir='ltr'>frater</span> <span class='ocrx_word' id='word_1_186' title='bbox 1228 3067 1283 3112; x_wconf 87' lang='lat' dir='ltr'>ar·</span> 
     </span>
     <span class='ocr_line' id='line_1_28' title="bbox 332 3144 1283 3231; baseline 0 -21"><span class='ocrx_word' id='word_1_187' title='bbox 332 3144 563 3231; x_wconf 87' lang='lat' dir='ltr'>chiapiscope,</span> <span class='ocrx_word' id='word_1_188' title='bbox 591 3147 704 3215; x_wconf 89' lang='lat' dir='ltr'>oneris</span> <span class='ocrx_word' id='word_1_189' title='bbox 729 3145 834 3230; x_wconf 88' lang='lat' dir='ltr'>hu&#39;jns</span> <span class='ocrx_word' id='word_1_190' title='bbox 864 3145 1016 3209; x_wconf 88' lang='lat' dir='ltr'>laborem</span> <span class='ocrx_word' id='word_1_191' title='bbox 1044 3145 1206 3210; x_wconf 87' lang='lat' dir='ltr'>duximus</span> <span class='ocrx_word' id='word_1_192' title='bbox 1230 3147 1283 3210; x_wconf 87' lang='lat' dir='ltr'>in·</span> 
     </span>
     <span class='ocr_line' id='line_1_29' title="bbox 330 3245 1282 3329; baseline 0 -20"><span class='ocrx_word' id='word_1_193' title='bbox 330 3246 560 3329; x_wconf 90' lang='lat' dir='ltr'>jungendum,</span> <span class='ocrx_word' id='word_1_194' title='bbox 588 3246 792 3310; x_wconf 87' lang='lat' dir='ltr'>mandantes</span> <span class='ocrx_word' id='word_1_195' title='bbox 817 3252 856 3309; x_wconf 92' lang='lat' dir='ltr'>ut</span> <span class='ocrx_word' id='word_1_196' title='bbox 886 3245 978 3326; x_wconf 84' lang='lat' dir='ltr'>apud</span> <span class='ocrx_word' id='word_1_197' title='bbox 1005 3245 1219 3309; x_wconf 89' lang='lat' dir='ltr'>carissimum</span> <span class='ocrx_word' id='word_1_198' title='bbox 1245 3247 1282 3310; x_wconf 91' lang='lat' dir='ltr'>in</span> 
     </span>
     <span class='ocr_line' id='line_1_30' title="bbox 335 3342 1282 3426; baseline 0.001 -18"><span class='ocrx_word' id='word_1_199' title='bbox 335 3344 475 3409; x_wconf 85' lang='lat' dir='ltr'>Christo</span> <span class='ocrx_word' id='word_1_200' title='bbox 499 3344 609 3408; x_wconf 91' lang='lat' dir='ltr'>filium</span> <span class='ocrx_word' id='word_1_201' title='bbox 635 3351 791 3408; x_wconf 89' lang='lat' dir='ltr'>nostrum</span> <span class='ocrx_word' id='word_1_202' title='bbox 816 3343 986 3409; x_wconf 89' lang='lat' dir='ltr'>illustrem</span> <span class='ocrx_word' id='word_1_203' title='bbox 1010 3342 1206 3426; x_wconf 87' lang='lat' dir='ltr'>Anglorum</span> <span class='ocrx_word' id='word_1_204' title='bbox 1230 3365 1282 3409; x_wconf 87' lang='lat' dir='ltr'>re-</span> 
     </span>
     <span class='ocr_line' id='line_1_31' title="bbox 335 3442 1281 3524; baseline 0.007 -19"><span class='ocrx_word' id='word_1_205' title='bbox 335 3461 425 3524; x_wconf 87' lang='lat' dir='ltr'>gem,</span> <span class='ocrx_word' id='word_1_206' title='bbox 442 3443 502 3524; x_wconf 94' lang='lat' dir='ltr'>qui</span> <span class='ocrx_word' id='word_1_207' title='bbox 521 3449 649 3507; x_wconf 89' lang='lat' dir='ltr'>terram</span> <span class='ocrx_word' id='word_1_208' title='bbox 670 3449 826 3508; x_wconf 85' lang='lat' dir='ltr'>sanctam</span> <span class='ocrx_word' id='word_1_209' title='bbox 846 3443 911 3506; x_wconf 91' lang='lat' dir='ltr'>sub</span> <span class='ocrx_word' id='word_1_210' title='bbox 928 3442 1032 3508; x_wconf 89' lang='lat' dir='ltr'>trium</span> <span class='ocrx_word' id='word_1_211' title='bbox 1050 3443 1176 3510; x_wconf 87' lang='lat' dir='ltr'>statuit</span> <span class='ocrx_word' id='word_1_212' title='bbox 1190 3451 1281 3512; x_wconf 85' lang='lat' dir='ltr'>treu-</span> 
     </span>
     <span class='ocr_line' id='line_1_32' title="bbox 332 3539 1283 3622; baseline 0.004 -19"><span class='ocrx_word' id='word_1_213' title='bbox 332 3542 388 3622; x_wconf 82' lang='lat' dir='ltr'>gis</span> <span class='ocrx_word' id='word_1_214' title='bbox 418 3560 602 3619; x_wconf 69' lang='lat' dir='ltr'>‚annorum</span> <span class='ocrx_word' id='word_1_215' title='bbox 634 3548 676 3606; x_wconf 88' lang='lat' dir='ltr'>ut</span> <span class='ocrx_word' id='word_1_216' title='bbox 709 3540 753 3605; x_wconf 89' lang='lat' dir='ltr'>ad</span> <span class='ocrx_word' id='word_1_217' title='bbox 786 3539 1019 3606; x_wconf 86' lang='lat' dir='ltr'>defensionem</span> <span class='ocrx_word' id='word_1_218' title='bbox 1050 3550 1154 3607; x_wconf 87' lang='lat' dir='ltr'>terrae</span> <span class='ocrx_word' id='word_1_219' title='bbox 1189 3543 1283 3607; x_wconf 90' lang='lat' dir='ltr'>illius</span> 
     </span>
     <span class='ocr_line' id='line_1_33' title="bbox 330 3640 1281 3724; baseline 0.005 -23"><span class='ocrx_word' id='word_1_220' title='bbox 330 3640 460 3704; x_wconf 83' lang='lat' dir='ltr'>milites</span> <span class='ocrx_word' id='word_1_221' title='bbox 493 3649 528 3705; x_wconf 87' lang='lat' dir='ltr'>et</span> <span class='ocrx_word' id='word_1_222' title='bbox 555 3641 688 3723; x_wconf 82' lang='lat' dir='ltr'>pedites</span> <span class='ocrx_word' id='word_1_223' title='bbox 718 3641 806 3704; x_wconf 86' lang='lat' dir='ltr'>bene</span> <span class='ocrx_word' id='word_1_224' title='bbox 832 3640 1021 3707; x_wconf 88' lang='lat' dir='ltr'>instructos</span> <span class='ocrx_word' id='word_1_225' title='bbox 1047 3643 1281 3724; x_wconf 83' lang='lat' dir='ltr'>transmittat3</span> 
     </span>
     <span class='ocr_line' id='line_1_34' title="bbox 333 3738 1281 3822; baseline 0.005 -21"><span class='ocrx_word' id='word_1_226' title='bbox 333 3738 549 3821; x_wconf 86' lang='lat' dir='ltr'>assiduisque</span> <span class='ocrx_word' id='word_1_227' title='bbox 564 3739 861 3805; x_wconf 86' lang='lat' dir='ltr'>exhortationibus</span> <span class='ocrx_word' id='word_1_228' title='bbox 878 3740 1046 3818; x_wconf 80' lang='lat' dir='ltr'>elabores,</span> <span class='ocrx_word' id='word_1_229' title='bbox 1067 3740 1281 3822; x_wconf 87' lang='lat' dir='ltr'>provinciam</span> 
     </span>
     <span class='ocr_line' id='line_1_35' title="bbox 323 3837 1283 3924; baseline 0.006 -25"><span class='ocrx_word' id='word_1_230' title='bbox 323 3838 534 3921; x_wconf 85' lang='lat' dir='ltr'>circumiens</span> <span class='ocrx_word' id='word_1_231' title='bbox 558 3837 812 3924; x_wconf 78' lang='lat' dir='ltr'>Anglicanam,</span> <span class='ocrx_word' id='word_1_232' title='bbox 826 3839 1030 3923; x_wconf 78' lang='lat' dir='ltr'>opportunis</span> <span class='ocrx_word' id='word_1_233' title='bbox 1054 3845 1091 3903; x_wconf 88' lang='lat' dir='ltr'>et</span> <span class='ocrx_word' id='word_1_234' title='bbox 1115 3839 1283 3922; x_wconf 76' lang='lat' dir='ltr'>inportu-</span> 
     </span>
     <span class='ocr_line' id='line_1_36' title="bbox 335 3937 1280 4022; baseline 0.006 -24"><span class='ocrx_word' id='word_1_235' title='bbox 335 3937 388 3998; x_wconf 89' lang='lat' dir='ltr'>nis</span> <span class='ocrx_word' id='word_1_236' title='bbox 421 3937 722 4020; x_wconf 86' lang='lat' dir='ltr'>praedicationibus</span> <span class='ocrx_word' id='word_1_237' title='bbox 759 3938 881 4016; x_wconf 90' lang='lat' dir='ltr'>instes,</span> <span class='ocrx_word' id='word_1_238' title='bbox 910 3945 949 4002; x_wconf 92' lang='lat' dir='ltr'>nt</span> <span class='ocrx_word' id='word_1_239' title='bbox 985 3959 1049 4022; x_wconf 91' lang='lat' dir='ltr'>pro</span> <span class='ocrx_word' id='word_1_240' title='bbox 1082 3938 1280 4004; x_wconf 87' lang='lat' dir='ltr'>defensione</span> 
     </span>
     <span class='ocr_line' id='line_1_37' title="bbox 334 4035 1280 4121; baseline 0.007 -24"><span class='ocrx_word' id='word_1_241' title='bbox 334 4035 617 4116; x_wconf 83' lang='lat' dir='ltr'>Christianitatis,</span> <span class='ocrx_word' id='word_1_242' title='bbox 647 4045 825 4121; x_wconf 88' lang='lat' dir='ltr'>assumpto</span> <span class='ocrx_word' id='word_1_243' title='bbox 850 4037 963 4102; x_wconf 90' lang='lat' dir='ltr'>crucis</span> <span class='ocrx_word' id='word_1_244' title='bbox 991 4038 1183 4120; x_wconf 90' lang='lat' dir='ltr'>signaculo,</span> <span class='ocrx_word' id='word_1_245' title='bbox 1209 4046 1280 4108; x_wconf 88' lang='lat' dir='ltr'>ter·</span> 
     </span>
     <span class='ocr_line' id='line_1_38' title="bbox 333 4135 874 4202; baseline 0.009 -7"><span class='ocrx_word' id='word_1_246' title='bbox 333 4153 405 4197; x_wconf 84' lang='lat' dir='ltr'>ram</span> <span class='ocrx_word' id='word_1_247' title='bbox 424 4135 565 4201; x_wconf 88' lang='lat' dir='ltr'>visitent</span> <span class='ocrx_word' id='word_1_248' title='bbox 582 4137 874 4202; x_wconf 66' lang='lat' dir='ltr'>transmarinam!</span> 
     </span>
    </p>
   </div>
   <div class='ocr_carea' id='block_1_3' title="bbox 0 0 1434 4876">
    <p class='ocr_par' dir='ltr' id='par_1_6' title="bbox 0 0 1434 4876">
     <span class='ocr_line' id='line_1_39' title="bbox 0 0 1434 4876; baseline 0 0"><span class='ocrx_word' id='word_1_249' title='bbox 0 0 1434 4876; x_wconf 95' lang='lat' dir='ltr'> </span> 
     </span>
    </p>
   </div>
  </div>
 </body>
</html>
