2858 4876
313 409 357 472 52
571 422 705 470 noorai
730 422 778 468 nn
800 420 1008 469 wnunovna

152 596 304 697 fflffi„
315 591 351 648 et
365 603 501 648 crucem
516 590 648 647 sanctae
664 581 950 665 peregrinationis
964 578 1168 662 suscipiens,
1187 599 1287 642 cru··

154 696 282 743 emuna
315 703 390 749 cem
420 684 605 766 legationis
636 682 809 765 deposuit,
841 699 946 762 quam
977 699 1038 763 per
1067 698 1202 743 annum
1237 686 1277 743 et

316 783 494 848 dimidium
520 790 600 866 post
629 789 774 845 mortem
801 798 901 862 papae
930 777 1118 843 Clementis
1144 785 1274 862 porta·

317 890 417 947 verat
448 883 484 946 in
514 882 751 966 praejudicium
780 888 852 943 tam
881 879 1051 942 Romanae
1075 897 1181 960 quam
1211 897 1288 941 ec··

317 982 432 1046 clesiae
464 980 692 1063 Anglicanae;
728 999 798 1061 quo
831 977 936 1055 lacto,
966 977 1154 1041 Doveriam
1187 997 1273 1060 per·

318 1081 410 1144 rexit
425 1081 555 1145 habens
576 1081 611 1144 in
630 1079 797 1144 comitatu
818 1076 1045 1153 Gilebertum,
1065 1075 1272 1140 Roffensem

319 1180 530 1263 episcopum,
550 1186 586 1243 et
601 1179 837 1244 vicecomitem
854 1176 990 1241 Cantiae
1005 1175 1201 1240 Hem-icum
1224 1175 1271 1265 (le

320 1278 515 1356 Gornhelle,
540 1279 601 1342 ubi
627 1279 776 1342 latenter
790 1295 967 1340 excaecare
984 1282 1169 1338 nautarum
1184 1294 1272 1338 ocu-

319 1379 372 1441 los
404 1398 442 1443 se
471 1397 574 1461 posse
603 1378 807 1441 existimans
838 1395 968 1439 novum
996 1374 1127 1438 fraudis
1155 1393 1273 1456 genus

318 1477 461 1554 invenit,
479 1471 606 1541 ¹virum
628 1475 665 1539 in
687 1475 866 1540 foeminam
887 1475 1068 1552 convertit,
1088 1473 1172 1537 dum
1189 1493 1274 1538 ves-

320 1583 391 1640 tem
411 1577 601 1641 sacerdotis
625 1575 661 1638 in
684 1575 873 1638 meretricis
897 1573 1054 1637 habitum
1076 1582 1274 1638 commuta-

320 1676 383 1741 vit.
445 1675 580 1739 Tunica
608 1675 711 1740 viridi
750 1674 913 1738 soeminea
950 1672 1104 1750 indutus,
1144 1691 1286 1755 capam·

321 1774 452 1839 habens
470 1774 623 1859 ejusdem
638 1773 774 1851 coloris,
789 1774 928 1856 peplum
950 1774 986 1836 in
1008 1773 1121 1855 capite
1144 1773 1274 1837 mulie·

322 1875 383 1938 bre
404 1881 560 1957 portam,
586 1892 739 1956 pannum
765 1872 894 1936 lineum
922 1873 1022 1955 quasi
1048 1873 1093 1936 ad
1115 1871 1277 1936 venden-

159 1992 296 2042 nmnruru
322 1973 403 2036 dum
433 1992 556 2056 gerens
587 1973 631 2037 ad
659 1992 754 2036 mare
782 1972 970 2036 descendit.
1031 1971 1177 2036 Talibus
1210 1971 1277 2035 de·

160 2044 269 2084 ”Dm
322 2073 490 2138 formatus
516 2073 674 2149 antistes,
700 2092 776 2136 cum
804 2071 940 2134 sederet
960 2072 997 2134 in
1025 2070 1142 2134 littore
1163 2090 1277 2154 super

322 2181 465 2263 petram¹
478 2192 597 2237 auram
612 2178 821 2255 exspectans
838 2170 1037 2246 feliciorem,
1060 2176 1168 2234 nauta
1191 2171 1276 2254 qui-

322 2273 402 2336 dam
424 2293 503 2338 cum
525 2272 668 2336 muliere
691 2270 809 2334 ludere
832 2270 953 2334 volens
976 2269 1012 2332 in
1032 2268 1180 2333 foemina·
1197 2277 1279 2334 stu-

323 2391 408 2453 pens
452 2374 594 2436 braccas
632 2370 779 2446 invenit,
814 2376 850 2432 et
878 2368 1068 2434 vociferare
1098 2368 1288 2452 incipiens·

323 2470 426 2546 dixit,
444 2470 592 2534 ‘Venite
612 2488 743 2546 omneS,
763 2468 902 2544 venite,'
926 2468 1051 2551 inquit,
1068 2472 1127 2532 ‘et
1153 2469 1282 2534 virum·

322 2568 360 2631 in
375 2567 525 2631 foemina·
537 2588 670 2632 mecum
688 2567 928 2632 admiramini.’
978 2566 1176 2631 Accurrunt
1197 2589 1284 2634 mu-·

324 2666 476 2731 lierculae
499 2668 616 2731 multae
643 2674 678 2730 et
701 2668 851 2750 pretium
876 2667 984 2749 panni
1009 2687 1111 2750 quem
1136 2667 1279 2734 serebat

322 2767 480 2831 venalem
494 2767 639 2830 solerter
651 2767 850 2849 inquirunt3
867 2784 1013 2849 cumque
1030 2765 1116 2830 nihil
1128 2785 1281 2849 respon.

322 2866 431 2943 deret,
446 2873 486 2930 ut
508 2865 568 2947 qui
589 2864 820 2946 Anglicanam
841 2886 910 2929 non
934 2873 1079 2929 noverat
1104 2866 1280 2948 linguam,

323 2973 504 3048 coeperunt
525 2965 614 3029 inter
639 2984 677 3028 se
703 2964 929 3042 confabulari,
954 2971 990 3029 et
1011 2965 1128 3028 dolum
1154 2967 1277 3048 suspi-

323 3071 442 3128 cantes
466 3083 588 3128 manus
610 3065 802 3148 injecerunt
823 3065 859 3127 in
882 3065 1034 3147 peplum,
1056 3083 1126 3146 quo
1148 3063 1274 3130 fauces

323 3165 543 3246 tegebantur,
565 3170 612 3240 et,
639 3164 892 3228 summittentes
918 3183 940 3227 a
965 3183 1050 3226 naso
1076 3182 1183 3244 usque
1211 3163 1277 3229 de-

323 3282 452 3340 orsum,
469 3262 591 3326 faciem
607 3263 754 3326 hominis
776 3262 937 3326 viderunt
959 3263 1094 3344 nigram
1110 3268 1145 3325 et
1159 3283 1279 3347 nuper

324 3381 450 3425 rasam.
473 3361 668 3424 Clamorem
681 3363 801 3444 utique
812 3360 855 3425 ad
865 3362 979 3425 sidera
989 3362 1150 3425 tollentes
1162 3361 1206 3426 ad
1221 3363 1277 3426 in-

325 3459 625 3537 vicem,‘Venite,’
640 3460 812 3542 inquiunt,
827 3465 880 3524 ‘et
891 3461 1084 3543 lapidamus
1098 3460 1275 3526 boemon-

325 3565 448 3635 strum,
474 3559 567 3641 quod
592 3562 714 3623 sexum
745 3566 930 3642 utrumque
960 3559 1166 3623 deformavit
1180 3561 1203 3640 ;’
1236 3569 1277 3626 et

324 3658 437 3721 factus
458 3663 512 3721 est
535 3657 627 3722 illico
650 3678 838 3722 concursus
851 3660 1003 3723 virorum
1020 3678 1061 3722 ac
1077 3659 1277 3740 mulierum,

324 3755 579 3821 extrahentium
606 3756 789 3840 decapite
819 3759 958 3840 peplum
991 3766 1027 3822 et
1060 3758 1277 3831 trahentium

324 3874 403 3918 eum
444 3861 655 3936 prostratum
692 3857 919 3939 ignominiose
953 3877 1015 3940 per
1047 3858 1201 3921 manicas
1238 3866 1280 3923 et

360 4060 368 4092 ¹
382 4063 468 4112 Virum
485 4063 512 4111 ia
524 4062 676 4127 seminum]
699 4064 785 4112 ‘Proh
811 4069 939 4130 meretrix,
949 4069 1084 4130 episcopus
1095 4083 1183 4118 scurra
1191 4068 1210 4129 3’
1226 4070 1280 4120 let-

324 4133 408 4181 dolorl
423 4133 462 4180 vir
469 4131 598 4180 iactnsest
606 4132 717 4196 foemina,
726 4149 785 4182 can-
810 4139 848 4182 ter
859 4136 888 4183 ol
897 4137 987 4198 bishop
999 4137 1028 4187 oi
1041 4138 1167 4200 Coventry
1178 4139 1205 4186 in
1224 4141 1280 4190 Be·

325 4202 443 4252 cellarius
476 4201 637 4266 cancellaria,
668 4204 785 4253 sacerdos
811 4203 905 4268 nedict,
914 4207 964 4257 und
976 4207 1110 4270 Hoveden,
1121 4223 1147 4268 p.
1160 4212 1220 4262 704.
