2858 4876
354 410 419 474 loo·
603 425 737 472 uocum
762 427 808 472 un
832 424 1038 473 wnuoovna

195 595 248 634 Al>-
262 594 316 632 ¹²⁰¹·
356 584 618 650 cantuariensis
635 585 794 666 copiosas
817 584 879 660 eis,
899 604 943 647 ne
966 583 1077 647 dicam
1099 581 1305 664 superfiuas,

356 685 565 750 ministravit
578 704 760 766 expensas.
795 684 959 766 Sequenti
973 690 1096 766 postea
1112 682 1306 747 Dominicae

356 785 567 850 ascensionis
589 785 645 848 die
674 785 767 867 apud
785 783 1020 848 Theokesberi
1042 782 1203 866 generale
1225 803 1305 867 pro-

356 887 473 968 posuit
490 886 651 963 edictum‚
668 892 707 949 ut
725 884 867 948 comites
890 892 926 949 et
947 887 1107 960 beronae,
1132 891 1169 948 et
1188 902 1307 948 omnes

358 987 417 1068 qui
439 986 587 1051 militare
602 985 780 1050 servitium
801 984 833 1049 ei
855 984 1037 1062 debebant,
1056 983 1171 1067 parati
1190 990 1308 1048 essent

343 1088 449 1168 apud
469 1085 712 1151 Portcsmuthe
734 1104 813 1149 cum
829 1086 927 1167 equis
949 1092 985 1149 et
1001 1085 1106 1148 armis
1128 1085 1172 1148 ad
1195 1091 1309 1148 trans-

357 1185 551 1252 fretandum
565 1205 642 1249 cum
658 1205 698 1249 eo
720 1185 764 1248 ad
786 1193 903 1267 partes
923 1185 1172 1250 transmarinas
1196 1183 1310 1247 indie

359 1287 585 1352 Pentecostes
590 1286 667 1370 jam
679 1285 848 1365 instante3
865 1285 1024 1350 veniente
1038 1293 1153 1349 autern
1167 1284 1222 1348 die
1236 1291 1309 1349 sta-

359 1395 446 1465 tuto,
461 1388 559 1452 multi
575 1387 760 1468 impetrata
771 1385 912 1449 licentia
924 1392 1175 1462 remanserunt,
1186 1385 1309 1449 dantes

362 1488 434 1570 regi
448 1488 491 1550 de
508 1486 662 1570 quolibet
678 1493 777 1550 scuto
795 1485 882 1549 duas
900 1505 1035 1550 marcas
1050 1485 1197 1567 argenti.

468 1658 510 1723 Ut
524 1680 578 1723 rra
591 1658 746 1724 Jodurrrrrs
760 1668 787 1723 rt
804 1660 912 1745 rapina
927 1660 962 1724 ia
977 1661 1210 1726 Norrauarrium

696 1761 979 1844 transfretaverint.

414 1884 597 1949 Celebrate
626 1885 733 1967 igitur
763 1885 855 1968 apud
883 1884 1126 1950 Portesmuthe
1150 1883 1313 1949 solemni·

363 1993 435 2050 tate
451 1985 688 2062 Pentecostes,
706 2006 769 2050 rex
784 2006 862 2050 cum
881 1988 1000 2069 regina
1020 2006 1084 2050 sua
1103 1986 1139 2050 in
1160 1986 1312 2050 crastino

363 2105 469 2150 naves
487 2085 726 2164 ascenderunt,
744 2096 791 2165 et,
808 2079 906 2151 ¹licet
922 2107 1000 2151 cum
1020 2087 1149 2165 labore,
1167 2086 1202 2148 in
1222 2085 1314 2152 Nor-

363 2185 538 2250 manniam
566 2186 706 2250 tandem
730 2186 982 2270 applicuerunt.
1036 2187 1171 2252 Deinde
1188 2205 1315 2251 conve-

363 2287 464 2350 niunt
486 2287 529 2349 ad
548 2286 756 2368 colloquium
778 2307 878 2368 reges
898 2287 1091 2370 Anglorum
1110 2295 1145 2352 et
1163 2287 1314 2351 Franco·

365 2406 440 2449 rum
466 2406 574 2469 prope
598 2387 745 2450 insulam
769 2385 964 2466 Andeliaci,
995 2396 1030 2453 et
1056 2388 1198 2471 pacifice
1232 2407 1314 2452 con-

365 2486 460 2550 venit
488 2486 579 2552 inter
606 2507 688 2568 eos;
723 2495 861 2571 etpost
885 2488 1035 2553 triduum
1050 2509 1113 2552 rex
1134 2487 1316 2552 Johannes

366 2586 409 2649 ad
443 2587 643 2667 petitionem
675 2588 767 2669 regis
795 2588 1006 2654 Francorum
1033 2588 1131 2652 veuit
1159 2587 1316 2651 Parisios

366 2693 401 2750 et
420 2686 467 2749 ibi
489 2686 525 2750 in
551 2686 681 2769 palatio
702 2688 793 2771 regis
815 2688 1011 2770 hospitatus
1027 2698 1093 2766 est,
1107 2708 1188 2771 rege
1205 2687 1316 2752 Fran·

322 2870 327 2879 ⁶
366 2805 484 2850 corum
499 2807 537 2850 se
551 2787 638 2851 alias
654 2788 871 2869 conferente3
892 2795 939 2867 et,
957 2809 1034 2852 cum
1051 2789 1100 2853 ibi
1118 2788 1317 2866 honorifice,

367 2893 402 2950 et
426 2892 466 2950 ut
487 2907 603 2969 regem
626 2888 782 2966 decebat,
806 2897 897 2954 esset
924 2896 1095 2972 receptuS,
1118 2888 1199 2952 inde
1222 2908 1316 2953 rece·

367 2987 452 3049 dens
476 2988 572 3052 venit
599 2988 642 3051 ad
670 2987 872 3054 chinonem.
925 2989 1055 3053 Eodem
1081 2997 1247 3072 tempore,
1276 2996 1317 3053 ut

367 3105 437 3168 pax
465 3086 556 3150 inter
577 3108 675 3171 reges
699 3089 829 3154 tirmior
851 3089 1047 3167 haberetur,
1069 3095 1239 3153 statutum
1265 3095 1319 3153 est

368 3193 403 3250 et
424 3185 562 3268 scriptis
585 3188 835 3268 confirmatum,
850 3191 954 3273 quod,
969 3190 1000 3253 si
1021 3209 1084 3253 rex
1104 3189 1318 3253 Francorum

368 3304 487 3368 pacem
513 3287 549 3349 in
571 3287 689 3371 aliquo
704 3290 887 3355 violaverit
908 3291 1145 3374 praelocutam,
1169 3292 1319 3354 barones

368 3385 410 3449 de
434 3406 540 3469 regno
567 3388 790 3466 Francorum,
815 3410 901 3474 quos
926 3411 990 3454 rex
1017 3389 1238 3474 fidejussores
1265 3390 1318 3454 in-

368 3495 521 3564 venerat,
542 3488 646 3554 soluti
663 3498 779 3555 essent
793 3510 814 3554 a
830 3489 996 3556 fidelitate
1010 3491 1098 3575 ejus
1113 3498 1149 3555 et
1159 3491 1319 3556 venirent

369 3584 413 3648 ad
444 3606 560 3669 regem
589 3587 784 3672 Anglorum
817 3589 860 3654 ad
890 3591 1162 3673 impugnandum
1200 3610 1317 3673 regem

371 3685 584 3753 Francorum
624 3696 660 3753 ot
699 3689 971 3772 compellendum
1005 3710 1083 3754 eum
1119 3689 1163 3753 ad
1197 3709 1318 3772 pacem

370 3787 606 3868 praelocutam.
658 3790 788 3854 Eodem
811 3790 912 3855 modo
935 3789 1065 3855 sactum
1087 3790 1197 3854 estin
1220 3797 1320 3872 parte

405 3955 492 4008 ¹Liret
508 3977 562 4009 cum
580 3961 679 4024 labora]
696 3962 749 4010 The
768 3961 832 4024 king
856 3960 933 4023 John,
944 3961 1038 4024 having
1053 3962 1116 4010 been
1129 3961 1216 4010 driven
1233 3965 1259 4010 to
1276 3961 1318 4011 the

370 4029 419 4077 and
427 4045 507 4090 queen
515 4046 583 4080 were
590 4033 615 4080 in
624 4037 739 4093 separate
747 4032 829 4094 ships:
856 4032 907 4080 Isle
919 4032 948 4081 oi
961 4033 1057 4094 Wight,
1068 4046 1122 4081 was
1133 4031 1235 4094 obliged
1247 4046 1264 4080 a
1280 4047 1321 4080 sa·

369 4098 424 4149 that
441 4100 525 4149 which
546 4103 674 4162 conveyod
694 4101 736 4150 the
755 4101 830 4151 latter
855 4103 920 4150 cond
937 4103 996 4151 time
1014 4107 1040 4151 to
1059 4102 1164 4151 embarlr
1183 4107 1210 4150 at
1230 4102 1318 4152 Ports·

369 4170 477 4219 reached
485 4171 631 4232 Normendy
639 4172 665 4220 in
677 4171 757 4232 saiety
763 4187 772 4234 ,·
785 4173 831 4220 but
856 4172 941 4221 mouth
954 4188 961 4234 ;
978 4172 1112 4235 Hoveden‚
1123 4188 1149 4234 p.
1161 4175 1218 4222 819.
