2858 4876
390 407 530 457 monus
552 407 820 457 nrsroumuuu.
1014 392 1078 458 141

136 726 141 733 ι
218 639 401 728 Quadrupes
413 640 459 705 cd
471 639 652 725 colloquium
669 639 816 705 actura
831 639 985 704 dicacula

511 750 703 805 emmanuet.

181 857 328 929 Eodem¹
356 871 511 946 tempore
543 883 606 928 rex
640 865 852 927 Francorum
874 863 1215 941 Arthurum,u.n.1no.

131 965 290 1029 comitem
315 964 521 1040 Britanniae,
546 963 686 1045 cingulo
711 963 853 1028 militari
879 965 1022 1029 donavit
1043 966 1079 1028 in
1092 939 1226 1038 hliiiiihp.

131 1064 282 1133 crastino
298 1064 546 1146 assumptionis
561 1065 672 1128 beatae
689 1063 832 1144 Mariae3
857 1071 892 1129 et
907 1064 997 1129 idem
1012 1064 1081 1129 Ar-

132 1163 254 1229 thurus
271 1165 436 1229 continuo
453 1163 534 1228 fecit
556 1163 755 1245 homagium
770 1165 846 1246 regi
867 1164 1080 1229 Francorum

130 1263 173 1329 de
189 1263 409 1346 Andegavia,
431 1263 603 1340 Pictavia,
626 1263 812 1340 Turonica,
834 1263 1080 1342 cenomannia,

131 1364 313 1429 Britannia
328 1373 363 1428 et
380 1363 415 1428 N
417 1364 609 1440 ormannia,
623 1371 659 1427 et
675 1383 737 1428 rex
756 1365 913 1446 promisit
923 1363 1080 1429 Arthuro

88 1467 91 1471 ’
131 1463 230 1528 lidele
244 1464 414 1529 auxilium
432 1483 532 1527 suurn
550 1463 594 1526 ad
612 1463 819 1528 haecomnia
839 1464 1080 1547 perquirenda.

132 1564 267 1629 Deinde
295 1582 395 1646 reges
421 1583 516 1646 saepe
543 1562 626 1627 dicti
651 1563 706 1627 die
734 1566 893 1646 sequenti
917 1565 1081 1629 conveni-

63 1660 66 1664 ’
130 1673 193 1728 unt
213 1664 256 1730 ad
281 1663 492 1746 colloquium
520 1663 610 1727 inter
636 1664 816 1729 Butanant
840 1665 1022 1730 castellum
1045 1672 1081 1729 et

132 1757 300 1841 Wailim,²
314 1763 385 1840 ubi,
403 1763 595 1849 segregatis
610 1765 769 1828 omnihus
786 1766 965 1848 utriusque
983 1765 1081 1847 regni

131 1865 362 1946 magnatibus,
376 1863 538 1927 collocuti
555 1870 637 1927 sunt
654 1883 712 1927 ore
729 1864 772 1927 ad
793 1884 832 1928 os
856 1864 956 1949 quasi
977 1865 1081 1928 unius

131 1964 225 2028 horae
253 1964 379 2047 spatio,
413 1963 547 2027 nemine
579 1971 705 2046 praeter
730 1964 824 2046 ipsos
854 1965 941 2029 duos
963 1985 1080 2030 corum

131 2064 338 2146 colloquium
353 2063 524 2128 audiente.
572 2063 615 2127 In
631 2083 701 2145 quo
715 2063 888 2146 colloquio
904 2065 1001 2148 petiit
1018 2085 1080 2128 rex

134 2164 345 2231 Francorum
367 2164 411 2228 ad
435 2183 522 2246 opus
544 2183 642 2226 suum
666 2171 778 2229 totum
795 2164 1022 2246 Vegesinum,
1046 2165 1081 2227 id

133 2272 197 2341 cst,
221 2264 383 2347 quicquid
404 2265 599 2328 continetur
617 2264 709 2327 inter
726 2264 889 2328 forestam
913 2264 956 2327 de
973 2264 1081 2327 Liuns

132 2371 167 2431 ct
182 2364 393 2447 Sequanam,
410 2383 455 2428 ex
471 2383 541 2428 una
557 2371 668 2446 parte,
686 2372 722 2427 et
735 2365 866 2428 riveras
881 2364 923 2428 de
941 2358 1081 2429 ³Andeli

133 2465 237 2531 etde
262 2465 373 2529 Eethe
398 2483 444 2528 ex
471 2463 600 2543 altera;
630 2464 746 2527 dicens
773 2465 864 2546 quod
892 2463 1083 2529 Gausridus

135 2564 396 2647 Plantagenest,
413 2583 528 2628 comes
542 2563 765 2645 Andegaviae,
780 2583 866 2628 avus
884 2565 971 2648 ejus,
980 2565 1084 2629 dede-

133 2672 187 2729 rat
212 2665 299 2729 illud
327 2664 512 2729 Lodowico
536 2662 669 2728 Gnosso
694 2684 756 2746 pro
779 2665 912 2728 auxilio
935 2684 999 2729 suo
1022 2665 1083 2729 ha·

133 2764 244 2829 hendo
261 2773 384 2830 contra
398 2784 514 2845 regem
537 2763 749 2846 Stephanum
774 2765 810 2827 in
830 2765 1083 2830 Normanniam

134 2865 353 2947 acquirendo.
381 2863 579 2929 Postulavit
596 2871 764 2946 praeterea
778 2864 822 2927 ad
837 2884 925 2946 opus
938 2863 1083 2929 Arthuri

135 2964 341 3042 Pictaviam,
358 2963 613 3046 Andegaviam,
642 2962 944 3040 Cenornannicam,
970 2964 1083 3028 Turo-

134 3063 250 3129 nicam.
272 3072 309 3129 et
337 3063 372 3128 N
375 3063 601 3140 ormanuiam,
627 3070 663 3126 et
682 3063 752 3127 alia
775 3064 897 3141 multa,
920 3083 998 3146 quae
1019 3084 1081 3127 rex

135 3164 314 3229 Johannes
345 3163 530 3228 concedere
557 3162 668 3228 noluit
695 3182 758 3228 nec
784 3164 925 3243 debuit3
957 3172 992 3229 et
1020 3165 1083 3240 sic,

135 3264 250 3329 soluto
277 3263 465 3346 colloquio,·
487 3263 661 3326 discordes
688 3263 903 3328 abinvicem
933 3283 1083 3327 recesse-

134 3372 228 3431 runt.
273 3364 476 3446 Requisitus
497 3362 605 3444 igitur
629 3382 650 3426 a
676 3363 748 3426 suis
773 3384 836 3427 rex
861 3364 1084 3439 Francorum,

134 3482 241 3547 quara
262 3450 413 3528 sesadeo
437 3463 565 3526 iratum
594 3462 751 3527 exhibuit
774 3464 941 3527 adversus
969 3483 1085 3544 regem

134 3563 344 3640 Johannem,
361 3563 422 3646 qui
446 3560 624 3645 nunquam
647 3562 698 3625 illi
717 3562 846 3625 malum
868 3562 1008 3639 fecerat,
1028 3583 1085 3626 re·

135 3664 287 3747 spondit,
300 3663 393 3747 quod
404 3663 478 3726 sine
495 3663 637 3726 licentia
652 3663 728 3746 ejus
746 3669 978 3745 occupaverat
996 3662 1087 3727 Nor-

136 3765 308 3828 manniam
326 3771 361 3828 et
376 3770 520 3827 caeteras
543 3769 653 3826 terras
683 3763 913 3845 supradictas,
936 3783 1012 3826 cum
1033 3762 1087 3825 in·

171 3964 276 4016 ¹Ecdem
297 3956 435 4032 tempore]
464 3958 716 4024 Hoveden‚lletun;'
742 3963 875 4014 Hoveden.
913 3964 1015 4014 Gaillon
1036 3962 1088 4014 aud

136 4050 163 4099 p·
170 4039 228 4087 m·
625 4034 797 4153 Bquffizta
805 4104 936 4168 delletlte]
947 4104 1001 4153 'l'he
1010 4105 1088 4153 rivers

172 4173 314 4237 ’Wailim
332 4172 476 4237 ‘Galatae’
489 4188 518 4222 or
527 4171 536 4200 ‘
545 4172 601 4222 (lu-
625 4173 727 4235 Andely
738 4174 787 4224 and
801 4175 875 4236 Epte.
