2858 4876
424 392 565 441 sununs
587 374 1115 443 nrsruurruuu.19ll

163 548 199 613 in
227 546 396 615 descensu
420 553 548 616 mentis
580 553 702 616 dumus
730 559 806 617 erat
834 550 1047 635 amplissima
1078 560 1180 663 θεὲ)
1180 565 1249 654 ¹⁶22}

163 649 351 732 fuliginosa
382 653 489 716 muris
511 652 662 718 veternis
693 653 917 730 circumdata,
945 660 1113 736 erantque
1124 664 1227 706 11111111

162 748 197 813 in
215 769 257 814 ea
271 750 372 834 quasi
386 752 504 817 multae
524 753 675 836 plateae
665 754 853 816 mnumeris
871 746 1027 818 ¹sedibus
1044 752 1113 817 ier-

165 850 232 915 reis
248 858 290 932 ,et
304 851 425 934 ignitis
441 853 709 936 circumquaque
722 853 875 937 repletae.
927 852 1034 917 Sedes
1049 872 1112 917 au·

164 961 233 1015 tem
247 950 475 1018 candentibus
489 952 627 1017 circulis
643 953 762 1017 ferreis
782 961 818 1018 et
836 973 881 1018 ex
902 953 996 1018 omni
1013 961 1113 1036 parte

163 1050 322 1130 clavatis,
344 1054 503 1136 superius
524 1060 560 1117 et
572 1053 727 1132 inferius,
741 1073 763 1118 a
776 1053 909 1119 dextris
923 1060 959 1117 et
975 1072 997 1116 a
1013 1052 1112 1117 siuis-

165 1151 238 1229 tris,
248 1160 437 1218 exstructae
449 1161 560 1230 erant,
569 1161 676 1237 atque
690 1154 845 1219 hemines
855 1155 892 1217 in
904 1154 953 1218 eis
964 1154 1111 1218 diversae

164 1252 371 1317 conditionis
391 1261 428 1318 et
446 1271 553 1318 sexus
585 1254 788 1318 mirabiliter
815 1250 1033 1330 residebant3
1065 1273 1111 1317 ex

164 1353 257 1417 omni
277 1372 428 1437 namque
453 1359 552 1437 parte
572 1353 797 1418 candentibus
822 1355 931 1418 clavis
957 1354 1110 1437 persora-

163 1452 301 1531 bantur,
334 1460 440 1537 atque
470 1468 516 1518 ux
544 1454 682 1519 circulis
706 1455 825 1536 ignitis
850 1454 1003 1536 undique
1028 1471 1110 1517 cun-

161 1553 429 1636 stringebantur.
474 1552 591 1619 Tanta
611 1561 687 1620 erat
709 1554 841 1618 sedium
863 1554 998 1618 illarum
1022 1553 1110 1617 mul·

162 1653 287 1730 titudo,
317 1661 354 1718 et
383 1653 560 1718 homiuum
593 1655 631 1718 in
664 1655 714 1719 eis
749 1653 982 1731 residentium,
1018 1652 1110 1736 quud

161 1753 282 1837 lingua
307 1755 404 1819 nulla
436 1773 496 1819 eas
529 1755 745 1819 dinumerare
767 1753 949 1819 sufficeret.
1001 1753 1112 1818 Erant

162 1853 252 1917 muri
272 1853 373 1919 ferrei
404 1861 440 1918 et
461 1855 636 1937 nigerrimi
663 1857 698 1919 in
726 1855 874 1918 circuitu
904 1854 1110 1937 platearum,

162 1961 198 2018 et
216 1953 315 2018 sedes
337 1954 415 2020 aliae
432 1955 540 2040 juxta
563 1974 691 2034 muros,
709 1955 745 2019 in
767 1956 892 2038 quibus
914 1952 1111 2018 residebant

162 2054 334 2120 daemones
352 2074 414 2139 per
433 2056 626 2133 circuitum,
647 2056 748 2139 quasi
770 2056 814 2119 ad
836 2055 952 2119 laetum
973 2061 1110 2136 specta·

161 2154 288 2232 culum,
310 2156 352 2219 de
371 2157 581 2220 cruciatibus
601 2156 804 2220 miserorum
826 2155 870 2218 ad
889 2154 1036 2219 invicem
1053 2172 1111 2218 ca-

161 2254 363 2320 chinnantes
392 2262 429 2320 et
449 2264 593 2338 peccata
613 2256 761 2338 pristina
781 2256 850 2319 illis
870 2261 1109 2318 retractantes.

160 2354 274 2420 Juxta
297 2355 477 2420 introitum
505 2355 608 2440 hujus
634 2355 829 2420 detestandi
851 2354 1052 2438 spectaculi,
1074 2355 1110 2417 in

161 2456 327 2521 descensu
346 2457 487 2533 montis,
509 2456 599 2521 sicut
619 2456 782 2533 diximus,
805 2462 880 2519 erat
900 2472 1017 2518 murus
1035 2455 1111 2537 qui·

160 2556 239 2620 dam
264 2555 448 2620 altitudine
472 2558 624 2640 quinque
650 2556 788 2639 pedum,
812 2576 857 2619 ex
883 2574 952 2637 quo
977 2554 1110 2637 perspi·

161 2675 223 2720 cue
244 2656 353 2720 videri
382 2662 520 2738 poterat
542 2656 705 2738 quicquid
727 2657 763 2720 in
786 2657 846 2720 illo
871 2654 1001 2738 poeuali
1033 2653 1110 2717 locu

161 2763 347 2839 ageretur3
382 2756 428 2819 ad
455 2756 547 2819 hunc
577 2757 685 2837 igitur
714 2775 849 2819 murum
882 2755 994 2818 sancti
1023 2770 1112 2835 prae-

160 2857 243 2922 dicti
270 2857 314 2920 de
340 2855 424 2920 foris
457 2857 597 2923 stabant
626 2863 806 2921 cernentes
832 2854 994 2937 quicquid
1017 2854 1110 2916 intus

161 2956 277 3021 miseri
292 2956 523 3040 perferebant,
536 2950 594 3021 'ac
606 2957 660 3020 vir
674 2957 733 3020 ille
750 2955 894 3019 eductus
908 2956 999 3018 inter
1012 2972 1112 3017 sanc-

162 3065 217 3122 tos
247 3056 452 3121 delitescens
485 3057 578 3122 clare
608 3056 789 3139 prospexit
814 3054 929 3119 omnia
956 3073 1033 3136 quae
1059 3054 1111 3116 in-

160 3157 266 3222 terius
281 3158 486 3240 agebantur.

393 3327 444 3393 Do
459 3325 586 3414 superbo
602 3338 631 3393 ct
645 3328 710 3413 ejus
726 3329 879 3393 cruciatu.

205 3452 453 3518 Residentibus
473 3452 519 3516 ad
541 3452 765 3517 ludibriosum
786 3451 1026 3536 spectaculum
1051 3450 1111 3513 mi-

164 3553 283 3619 nistris
307 3553 482 3630 tartareis,
507 3553 668 3636 princeps
689 3553 782 3616 illius
809 3551 966 3616 nefandae
989 3550 1111 3615 cohor-

163 3653 209 3718 tis
235 3653 442 3718 satellitibus
476 3654 549 3718 suis
575 3653 637 3732 ait,
666 3651 924 3716 ‘Abstrahatur
948 3651 990 3715 de
1013 3650 1111 3714 sedili

162 3773 227 3819 suo
256 3754 425 3836 superbus
451 3753 621 3819 violenter
652 3760 688 3817 et
714 3752 812 3817 ludat
843 3771 959 3816 coram
990 3746 1112 3815 nobis?

161 3853 370 3919 Abstractus
395 3862 512 3919 autem
544 3873 566 3918 a
593 3852 806 3918 daemonibus
831 3859 867 3919 et
889 3858 985 3917 veste
1011 3851 1111 3931 nigra
1184 3884 1187 3889 >

162 3954 304 4018 indutus
335 3973 470 4019 omnem
500 3962 636 4037 gestum
667 3953 815 4018 hominis
844 3949 1110 4035 supramodum

250 4174 394 4242 meua]
409 4176 659 4230 ‘sustenturus
692 4173 697 4246 Ι
748 4174 826 4239 ua]
842 4169 1012 4222 ‘ut‘ums
