2858 4876
412 400 552 453 sonans
575 401 848 453 nnsnoamaun.
1040 389 1105 455 125

222 635 272 700 De
286 635 673 723 contremescenda
686 636 840 723 anonis,
860 637 1024 703 Castrensis

557 738 701 823 episcopi.

206 859 337 924 Eodem
357 880 447 925 anno
470 860 579 943 Hugo
596 862 640 925 de
660 861 694 924 N
696 870 818 939 unant,
834 862 1103 927 Conventrensis
1116 879 1172 918 nn.
1183 881 1239 919 nea

1070 963 1077 976 ,
1117 929 1232 970 Penitence

155 959 229 1024 sive
263 958 458 1025 cestrensis
491 962 685 1044 episcopua,
717 961 866 1025 Romam
897 962 1040 1025 tendens
1067 981 1103 1024 m
1116 980 1217 1040 omuga,

156 1057 372 1124 Normannia
402 1062 509 1143 coepit
538 1062 691 1142 graviter
718 1059 906 1136 infirmari3
943 1081 1101 1143 cumque,
1115 1030 1223 1120 {iiiiii

154 1156 415 1238 ingravescente
442 1161 659 1242 aegritudine,
690 1167 835 1225 mortem
863 1161 929 1224 sibi
953 1162 1102 1225 vicinam

154 1259 388 1339 cognovisset,
403 1259 485 1324 secit
502 1260 663 1325 accersiri
684 1261 778 1324 viros
798 1260 978 1342 religiosos
996 1262 1103 1325 totius

156 1355 381 1424 Normanniae
399 1378 486 1441 quos
502 1359 628 1424 habere
648 1367 787 1443 poterat
809 1362 952 1426 abbates
975 1367 1010 1424 et
1032 1363 1103 1444 pri·

155 1458 244 1535 ores,
261 1464 308 1536 et,
334 1459 553 1524 audientibus
575 1461 722 1537 cunctis,
737 1479 822 1524 voce
845 1461 999 1524 clamosa
1023 1481 1102 1526 con-

153 1554 266 1621 fessus
285 1565 338 1623 est
357 1578 444 1641 pure
467 1565 502 1623 et
523 1561 677 1623 maxima
698 1560 811 1624 cordis
833 1560 1039 1625 contritione
1062 1579 1103 1624 ac

154 1654 408 1741 lachrymarum
436 1657 569 1742 jugiter
597 1659 762 1723 effusione
797 1661 911 1723 omnia
945 1668 1101 1742 peccata,

154 1756 286 1821 scelera
298 1764 335 1822 et
349 1758 572 1822 enormitates
594 1778 724 1835 omnes,
742 1778 821 1841 quae
841 1778 914 1823 suae
929 1760 1102 1823 memoriae

152 1859 391 1924 occurrebant.
426 1857 542 1924 Tanta
559 1865 673 1923 autem
691 1859 862 1923 contritus
876 1867 950 1923 erat
964 1866 998 1922 et
1013 1879 1102 1922 com·

154 1962 269 2020 motus
296 1957 515 2040 poenitentia,
539 1959 631 2040 quod
661 1978 779 2023 omnes
804 1958 982 2023 adstantes
1005 1966 1040 2022 et
1065 1978 1102 2022 se

153 2054 328 2121 intuentes
348 2057 392 2122 ad
416 2056 611 2142 lachrymas
637 2065 672 2123 et
696 2059 870 2140 singultus
895 2059 1101 2137 commovit;

155 2154 302 2240 denique
325 2157 411 2221 fiens
438 2164 474 2222 et
498 2157 646 2242 ejulans,
670 2159 896 2239 manibusque
923 2157 1102 2235 consertis,

153 2256 317 2338 praelatos
345 2276 463 2322 omnes
489 2257 527 2322 in
556 2259 684 2322 virtute
708 2257 775 2321 Dei
797 2257 992 2340 adjurabat,
1017 2276 1103 2339 qua-

152 2362 254 2420 tenus
284 2357 351 2422 sibi
377 2357 563 2440 poenitenti
582 2376 686 2439 super
709 2364 762 2420 tot
785 2362 820 2420 ct
844 2357 951 2420 tantis
976 2356 1101 2437 flagiti-

152 2474 250 2521 orum
277 2457 476 2522 excessibus
502 2477 643 2540 poenam
669 2456 866 2538 infligerent
887 2464 922 2520 et
942 2455 1102 2520 satisfac-

154 2554 281 2622 tionem
304 2557 524 2638 condignam.
576 2554 767 2621 Audientcs
790 2563 913 2620 autem·
929 2555 995 2620 viri
1021 2556 1101 2619 reli·

154 2655 255 2738 giesi,
283 2657 342 2739 qni
369 2656 497 2720 lectulo
523 2657 720 2733 adstabant,
742 2657 779 2720 in
804 2655 966 2739 episcopo
992 2656 1100 2720 vitam

151 2754 239 2820 adeo
250 2755 460 2838 flagitiosam
471 2757 573 2820 simul
584 2764 620 2821 et
629 2755 864 2819 admirabilem
875 2756 988 2820 cordis
1002 2749 1100 2819 ¹con-

63 2864 69 2877 '
152 2854 338 2934 tritionem,
364 2855 409 2920 ad
435 2857 583 2941 invicem
613 2875 688 2920 sese
713 2863 915 2920 contuentes
942 2856 1101 2919 obmutu-

153 2961 256 3019 erunt
273 2956 438 3032 universi,
459 2956 648 3020 nescientes
671 2956 753 3038 quid
775 2956 899 3018 darent
920 2954 1100 3018 consilium

154 3050 306 3139 vel'quid
322 3062 392 3119 tam
417 3056 531 3119 subito
554 3055 822 3137 responderent3
846 3055 939 3138 quod
957 3073 1099 3118 cernens

153 3154 335 3239 episcopus
353 3154 444 3219 dixit
456 3156 518 3233 eis,
530 3153 648 3232 ‘Scio,'
663 3155 788 3237 inquit,
800 3155 900 3231 ‘sci0,
918 3154 1012 3237 quia,
1024 3161 1100 3217 tan-

153 3255 199 3319 tis
214 3256 475 3319 enormitatibus
492 3255 631 3331 auditis,
643 3254 814 3318 haesitatis
829 3255 920 3317 inter
932 3273 1006 3330 voS,
1016 3253 1099 3335 quid

153 3353 237 3419 mihi
264 3373 327 3437 pro
350 3356 556 3438 poenitentia
575 3355 764 3435 infligatis3
788 3354 847 3417 sed
872 3355 1013 3417 obsecro
1038 3372 1099 3417 vos

152 3455 190 3518 in
212 3455 350 3519 nominc
372 3454 395 3518 J
398 3474 459 3518 esu
478 3453 608 3518 Christi
629 3454 770 3518 Domini
792 3453 912 3529 nostri,
929 3460 1099 3535 quatenus

151 3554 187 3618 in
212 3554 289 3618 loco
315 3555 529 3637 poenitentiae
555 3561 590 3617 ct
616 3554 853 3617 remissionem
880 3560 1100 3635 peccatorum

153 3671 305 3718 meorum
332 3654 524 3738 injungatis
549 3653 645 3731 mihi,
670 3660 710 3717 ut
731 3653 918 3717 secundum
940 3652 1101 3717 volunta·

150 3760 222 3818 tem
240 3753 308 3817 Dei
324 3754 389 3817 sim
413 3755 449 3817 in
471 3754 585 3836 poenis
603 3753 797 3836 purgatorii
818 3772 927 3835 usque
949 3752 985 3814 in
1011 3751 1100 3814 diem

147 3852 283 3938 judicii,
303 3861 344 3918 ut
366 3860 450 3918 tunc
473 3873 535 3935 per
562 3852 831 3916 misericordiam
857 3851 1101 3933 Redemptoris

152 3953 273 4030 nostri,
299 3953 359 4036 qui
387 3971 522 4036 semper
550 3953 817 4017 misericordiam
841 3951 975 4015 exaltat
999 3969 1103 4031 super

187 4125 195 4158 ¹
206 4129 391 4180 Goatritiouem.
403 4124 418 4198 ]
438 4128 563 4192 Compare
580 4144 613 4178 an
640 4129 698 4178 who
709 4129 756 4178 has
763 4128 839 4177 taken
850 4129 871 4175 it
881 4128 967 4177 frome
978 4125 1103 4182 chronicle

152 4206 260 4250 account
269 4201 304 4263 by
316 4201 463 4264 Brompton,
477 4201 527 4250 col.
542 4203 615 4263 1222,
641 4201 674 4260 by
686 4214 703 4249 a
713 4199 790 4248 monk
798 4199 828 4248 oi
835 4198 950 4251 chester.
