2858 4876
426 403 565 453 enonas
588 403 859 453 nrsronmaun.
1049 391 1116 457 375

168 561 336 639 Franciae,
361 562 451 645 quod
473 582 518 627 ex
544 582 613 645 quo
638 562 762 645 aliquis
789 569 972 628 accusatur
997 579 1249 673 coramssffla

167 681 230 726 suo
247 661 364 745 Judice
381 663 424 726 de
448 670 518 727 tam
535 662 667 727 crudeli
690 662 886 741 homicidio,
906 666 997 747 quod
1019 685 1113 730 mur·
1125 684 1253 783 ῖοξξιοαρξοὼ

167 763 265 827 drum
289 764 496 846 appellatur,
516 770 551 828 et
566 764 624 827 ille
638 764 696 846 qui
718 771 902 828 accusatur
921 784 991 828 non
1006 767 1112 844 venit,
1126 744 1264 873 definiimus

166 857 245 926 nec¹
264 864 336 927 ullo
352 865 453 929 modo
472 864 627 946 legitimo
642 883 679 927 se
696 872 853 942 excusat,
873 885 936 946 pro
952 867 1112 931 convicto
1125 835 1152 875 ³⁰
1168 845 1189 874 ¹¹'

166 962 323 1041 habetur,
348 971 383 1029 et
406 970 572 1047 tanquam
596 965 775 1029 convictus
800 985 860 1048 per
884 966 1000 1029 omnia
1019 965 1113 1049 judi·

167 1071 277 1141 catur,
295 1072 331 1129 et
348 1065 452 1129 etiam
473 1066 518 1129 ad
537 1072 694 1142 mortem,
717 1083 758 1130 ac
777 1065 806 1128 si
829 1084 980 1147 praesens
998 1068 1114 1132 esset.’

166 1162 221 1228 Ad
240 1164 315 1229 haec
335 1184 427 1247 papa
449 1165 637 1248 respondit,
655 1165 745 1248 quod
767 1165 883 1248 pactio
904 1167 1020 1248 potuit
1036 1186 1113 1232 esee

164 1264 391 1346 interregem
413 1265 570 1329 Franciae
592 1273 628 1329 et
650 1265 771 1329 ducem
796 1263 1033 1344 Normanniae,
1056 1268 1112 1331 vel

166 1365 309 1446 antiqua
334 1365 558 1443 consuetudo,
579 1366 672 1448 quod
696 1366 768 1430 dux
793 1363 1019 1430 Normanniae
1042 1387 1113 1431 non

164 1463 265 1528 debet
291 1466 409 1530 venire
438 1465 481 1529 ad
511 1466 710 1530 citationem
741 1466 833 1546 regis
861 1466 1019 1531 Franciae
1046 1467 1114 1531 nisi

166 1563 201 1626 in
229 1564 440 1646 marchiam3
475 1567 577 1643 unde,
605 1567 635 1630 si
661 1585 731 1629 non
759 1566 855 1630 venit
880 1568 1019 1644 citatuS,
1050 1587 1114 1632 nec

163 1663 320 1747 deliquit,
346 1677 409 1731 nec
437 1672 577 1749 propter
602 1666 667 1731 hoc
700 1667 816 1749 potuit
840 1666 958 1731 taliter
984 1668 1111 1748 puniri.

166 1763 256 1829 Item
282 1765 366 1831 dicit
391 1786 494 1850 papa,
526 1767 673 1848 quodsi
703 1766 876 1830 sententia
905 1766 978 1830 lata
1009 1766 1114 1831 suerit

164 1873 285 1931 contra
307 1887 423 1950 regem
446 1866 599 1948 Angliae,
623 1873 832 1948 nontamen
856 1866 1022 1930 mandata
1046 1866 1112 1931 fuit

167 1967 393 2045 exsecutioni,
412 1967 496 2049 quia
514 1987 583 2030 non
603 1967 669 2029 fuit
684 1965 842 2045 occisus3
874 1966 964 2029 unde
984 1965 1112 2048 proleS,

164 2085 266 2146 quam
289 2068 442 2150 suscepit
463 2074 597 2151 postea,
619 2067 720 2131 debet
742 2066 774 2130 ei
798 2067 835 2128 in
860 2085 968 2148 regno
992 2085 1110 2131 succe-

165 2165 256 2244 dere,
291 2168 373 2249 quia
403 2188 466 2233 rex
499 2165 639 2249 Angliae
675 2186 746 2230 non
778 2167 949 2231 commisit
980 2167 1111 2231 crimen

164 2263 257 2330 laesae
279 2267 484 2350 majestatie,
507 2286 570 2331 nec
596 2267 725 2331 crimen
745 2265 927 2344 haercseOS,
947 2287 1010 2350 pro
1035 2269 1112 2350 qui-

163 2364 228 2429 bus
251 2374 387 2433 tantum
415 2368 506 2432 filius
532 2367 774 2431 exhaeredatur
798 2386 862 2450 pro
895 2367 1021 2431 delicto
1047 2387 1109 2450 pa·

163 2466 238 2531 tris.
294 2467 352 2531 Ad
383 2467 458 2534 haec
490 2468 602 2532 nuntii
633 2467 897 2550 responderunt,
928 2466 1109 2531 ‘Consue-

164 2566 247 2630 tudo
267 2569 373 2632 estin
394 2588 503 2650 regno
525 2569 695 2646 Franciae,
714 2567 807 2651 quod
829 2587 874 2630 ex
892 2587 962 2650 quo
984 2568 1110 2649 aliquis

162 2672 216 2730 est
239 2668 423 2733 damnatus
451 2669 495 2732 ad
518 2677 675 2745 mortem,
698 2669 790 2749 quod
812 2666 928 2750 proles
949 2674 1113 2750 suscepta

163 2774 242 2847 post
272 2769 478 2833 sententiam
501 2768 732 2832 damnationis
754 2768 937 2832 succedere
959 2787 1027 2831 non
1053 2767 1112 2831 de-

163 2868 234 2944 bet,
272 2868 380 2948 geniti
415 2875 531 2932 tamen
572 2875 653 2931 ante
686 2868 892 2931 sententiam
929 2867 1112 2931 succedere

165 2964 289 3030 debent
306 2962 329 3047 ;’
359 2967 563 3055 sed-tamen
596 2987 699 3048 super
729 2965 794 3029 hoc
828 2965 940 3044 nuntii
973 2965 1111 3048 litigare

165 3066 360 3140 noluerunt.
407 3066 498 3130 Item
517 3066 601 3130 dicit
621 3056 725 3148 papa,
742 3066 833 3148 quod
854 3065 936 3128 licet
955 3085 1018 3128 rex
1036 3063 1111 3129 An·

167 3165 303 3246 glorum
324 3167 503 3250 judicatus
524 3173 616 3229 esset
633 3166 678 3229 ad
700 3172 858 3240 mortem,
878 3171 913 3228 et
927 3166 1033 3228 etiam
1050 3164 1113 3228 filii

165 3265 208 3329 de
230 3285 332 3330 carne
350 3287 414 3331 sua
433 3265 553 3348 geniti,
576 3285 646 3329 non
668 3265 746 3329 ideo
767 3264 900 3327 Blanca
916 3263 1058 3328 deberet
1080 3265 1113 3330 ei

164 3366 358 3444 succedere,
391 3367 452 3430 sed
491 3366 753 3450 propinquiores
789 3364 831 3427 de
864 3383 990 3446 genere
1023 3363 1112 3450 ejus,

165 3465 326 3531 videlicet
348 3467 463 3550 proles
492 3466 609 3532 fratris
635 3465 866 3549 primogeniti,
891 3471 926 3527 et
945 3464 997 3529 ita
1015 3484 1112 3529 soror

165 3562 320 3644 Anthou,
340 3567 395 3634 vel
419 3566 524 3644 Otho,
545 3566 606 3650 qui
628 3565 694 3630 fuit
716 3565 807 3629 filius
830 3564 959 3628 sororis
983 3564 1112 3649 primo·

165 3666 312 3746 genitae3
343 3668 424 3733 etsi
441 3675 602 3749 ponatur,
621 3665 711 3748 quod
735 3665 855 3747 regina
873 3664 1037 3729 Castellae
1053 3665 1112 3728 de-

164 3765 245 3830 beat
266 3767 461 3844 succedere,
479 3773 515 3831 et
528 3768 580 3831 ita
604 3766 738 3830 Blanca
762 3765 834 3829 filia
856 3764 945 3848 ejus
967 3785 1037 3828 non
1059 3770 1113 3827 est

165 3885 296 3944 verum,
320 3869 402 3950 qnia
424 3867 599 3931 masculus
625 3866 727 3929 debet
749 3865 915 3947 praeferri,
938 3883 1000 3926 rex
1023 3862 1111 3926 scili·

165 3973 219 4029 cet
238 3965 422 4047 Castellae3
446 3973 492 4045 et,
515 3967 545 4030 si
567 3965 683 4029 nullus
701 3972 793 4028 esset
812 3963 1000 4038 masculus,
1022 3981 1113 4044 prae-

164 4064 244 4130 ferri
270 4067 410 4133 deberet
434 4068 556 4149 regina
580 4066 773 4147 Legionum
796 4071 959 4146 tanquam
986 4063 1114 4145 primo-

403 4197 408 4216 *
422 4212 424 4216 ’
438 4217 507 4270 ¹ru0
519 4214 589 4288 uua]
607 4213 720 4269 ‘Nune’
734 4219 760 4267 in
772 4217 829 4267 us
