2858 4876
418 407 560 455 suenus
584 407 853 456 ursroamauu.
1047 391 1113 457 219

163 566 300 643 endum,
326 571 377 642 ut,
393 563 565 642 videlicet,
593 563 679 627 nihil
702 582 806 627 morae
822 562 879 628 vel
901 561 1114 627 difficultatis
1126 578 1180 621 an.
1191 579 1248 646 1203.

162 665 265 730 rectis
286 664 570 747 dispositionibus
595 664 784 741 auferatur,
806 683 850 727 ne
873 664 971 745 gregi
992 631 1276 772 Domi-&330¹

164 766 242 829 nico
264 764 324 828 diu
346 764 437 828 desit
457 784 541 829 cura
563 765 760 847 pastoralis
811 762 984 842 Quocirca
1001 764 1114 828 nevel
1214 758 1219 770 '

164 864 362 929 discretioni
384 871 455 928 tuae
472 864 529 929 vel
553 864 663 944 regali
687 864 879 946 prudentiae
906 871 1116 945 suggeratur

165 984 188 1029 a
211 983 398 1047 quoquam,
417 965 511 1047 quod
531 964 752 1046 aliquatenus
771 964 888 1028 valeat
910 983 933 1027 a
955 983 1114 1028 consum-

164 1065 316 1128 matione
334 1063 438 1148 hujus
455 1063 556 1128 officii
572 1065 740 1140 revocari,
757 1065 920 1146 quoniam
936 1065 1066 1147 absque
1080 1064 1116 1128 vi

166 1172 201 1229 et
211 1164 291 1228 dolo
304 1183 382 1229 cum
395 1165 561 1229 canonica
576 1165 622 1228 sit
633 1164 756 1228 eiectio
772 1164 814 1227 de
832 1182 981 1246 persona
992 1164 1116 1228 idonea

167 1263 383 1328 concorditer
397 1265 581 1341 celebrata,
604 1265 680 1327 sine
702 1264 827 1328 damno
849 1263 952 1328 famae
974 1271 1009 1328 et
1026 1265 1117 1346 peri-

167 1364 246 1428 culo
267 1365 486 1429 conscientiae
511 1371 639 1429 nostrae
656 1363 791 1427 differre
809 1381 886 1428 eam
908 1382 976 1427 non
998 1382 1118 1447 posse-

168 1483 256 1528 mus.
303 1463 360 1527 Tu
376 1483 472 1546 ergo,
490 1464 538 1528 fili
554 1463 741 1541 carissime,
757 1463 857 1547 cujus
874 1462 993 1527 honori
1011 1483 1117 1546 supra

164 1564 224 1648 jus
240 1562 371 1627 deferre
390 1563 599 1641 curavimus,
621 1563 807 1627 secundum
820 1563 881 1646 jus
901 1571 1020 1627 nostro
1041 1571 1116 1628 stu·

168 1664 252 1728 deas
269 1662 392 1727 honori
414 1664 558 1741 deferre,
584 1669 624 1726 ut
641 1664 789 1744 gratiam
808 1663 961 1727 divinam
984 1671 1019 1727 et
1036 1682 1117 1727 nos·

168 1771 258 1830 tram
280 1764 419 1828 uberius
435 1764 618 1843 merearis;
649 1783 692 1826 ne
711 1762 811 1839 forte,
829 1763 858 1826 si
876 1783 976 1827 secus
993 1765 1117 1845 egeris,

168 1865 205 1927 in
220 1882 295 1926 eam
311 1870 347 1929 te
364 1862 601 1939 difficultatem
618 1863 773 1941 inducas,
790 1863 832 1926 de
849 1883 918 1945 qua
932 1883 1001 1926 non
1017 1863 1117 1926 facile

169 1963 288 2029 valeas
310 1963 478 2046 expediri,
501 1983 579 2028 cum
602 1962 740 2026 tandem
761 1969 921 2045 oporteat
942 1962 1030 2026 Eum
1045 1965 1119 2027 vin-

168 2068 266 2141 cere,
281 2063 338 2127 cui
359 2063 511 2127 flectitur
532 2081 633 2126 omne
655 2082 747 2144 genu
769 2062 971 2140 caelestium,
993 2069 1118 2126 terres·

169 2163 275 2227 trium
292 2170 328 2227 et
337 2162 559 2239 infernorum,
576 2163 676 2247 cujus
687 2181 750 2226 nos
760 2162 853 2226 vices
864 2163 900 2225 in
914 2163 1026 2240 terris,
1037 2163 1119 2226 licet

169 2262 342 2339 immeriti,
360 2281 572 2327 exercemus.
625 2262 658 2326 N
663 2282 682 2325 e
704 2262 812 2344 igitur
830 2282 948 2326 eorum
968 2263 1120 2327 consiliis
1194 2306 1197 2312 -
1248 2301 1273 2309 »ι

170 2362 386 2444 adquiescas,
401 2363 461 2445 qui
478 2370 574 2427 tuam
590 2381 726 2444 semper
742 2363 971 2426 turbationem
988 2362 1121 2426 deside-

171 2469 264 2540 rant,
287 2471 327 2527 ut
351 2462 474 2526 melius
498 2463 635 2545 possint
658 2463 694 2525 in
716 2482 808 2545 aqua
824 2463 962 2526 turbida
980 2463 1120 2545 piscari,

167 2562 232 2626 aed
247 2566 367 2626 nostro
382 2561 598 2645 beneplacito
615 2569 651 2626 te
668 2563 876 2640 committas,
892 2562 984 2645 quod
999 2563 1120 2646 utiquc

173 2661 236 2726 tibi
258 2661 357 2726 cedet
374 2661 418 2725 ad
440 2662 590 2740 laudem,
605 2662 751 2743 gloriam
774 2669 810 2726 et
824 2661 1008 2743 honorem3
1039 2664 1122 2745 quia

173 2781 243 2826 non
269 2768 361 2826 esset
376 2762 440 2826 tibi
460 2769 575 2826 tutum
596 2763 633 2825 in
655 2761 720 2826 hac
743 2781 849 2826 causa
864 2762 998 2834 Decet
1015 2763 1121 2827 eccie-

173 2862 234 2926 siae
252 2881 458 2944 repugnare,
481 2881 544 2945 pro
565 2881 634 2944 qua
656 2863 778 2926 beatus
800 2869 933 2945 martyr
955 2869 990 2926 et
1005 2863 1121 2945 ponti·

173 2960 233 3025 sex
255 2960 427 3042 gloriosus
443 2961 597 3025 Thomas
618 2963 823 3043 sanguinem
845 2981 946 3025 suum
968 2968 1123 3025 recenter

174 3059 306 3139 effudit,
333 3061 525 3143 praesertim
556 3081 600 3125 ex
633 3080 702 3143 quo
726 3069 826 3145 pater
851 3070 886 3125 et
912 3061 1020 3125 frater
1041 3068 1122 3125 tuus

172 3160 276 3224 clarae
297 3161 483 3239 memoriae,
505 3168 587 3225 tunc
604 3181 704 3243 reges
723 3161 929 3243 Anglorum,
951 3161 988 3224 in
1012 3161 1123 3225 mani·
1178 3168 1181 3174 '

173 3261 239 3325 bus
269 3260 465 3342 legatorum
495 3261 697 3343 apostolicae
728 3261 820 3324 sedis
851 3260 946 3324 illam
980 3280 1124 3342 pravam

174 3360 457 3425 cousuetudinem
471 3361 688 3444 abjurarunt.
740 3360 817 3424 Nos
833 3367 960 3436 autem,
977 3361 1007 3423 si
1024 3360 1123 3424 nobis

174 3459 349 3525 humiliter
362 3461 592 3543 adquieveris,
603 3459 811 3525 sufficienter
826 3461 889 3524 tibi
906 3467 941 3524 et
958 3460 1027 3523 tuis
1046 3479 1123 3543 pro

173 3559 291 3624 videre
312 3560 520 3638 curabimus,
543 3579 586 3623 ne
607 3580 711 3644 super
729 3559 794 3623 hoc
812 3558 929 3624 valeat
946 3560 1045 3624 vobis
1063 3560 1126 3624 alia

174 3659 265 3742 quod
280 3659 520 3744 praejudicium
536 3661 706 3742 generari.
740 3660 834 3724 Data
848 3658 1025 3737 Laterani,
1039 3679 1125 3741 pon·

171 3759 325 3827 ‚tificatns
345 3761 456 3824 nostri
481 3779 573 3824 anno
600 3759 756 3831 decimo?
808 3758 938 3822 Eodem
960 3779 1064 3836 anno,
1090 3761 1126 3823 in

174 3859 232 3922 die
245 3859 360 3922 sancti
378 3859 541 3940 Remigii,
559 3858 687 3937 Isabel,
705 3859 899 3941 Anglorum
919 3861 1051 3941 regina,
1066 3880 1126 3943 pe-

173 3959 265 4041 'perit
279 3957 302 4022 J
305 3957 432 4023 ohanni
448 3959 522 4041 regi
539 3959 647 4023 filium
669 3979 769 4022 suurn
791 3959 1070 4042 primogenitum,
1092 3968 1128 4023 et

172 4065 318 4122 vocatus
335 4067 388 4123 est
405 4059 541 4123 nomine
556 4059 614 4123 avi
630 4060 683 4122 sui
700 4053 906 4123 ¹Henricus.

405 4208 569 4281 ¹Hem-iona]
587 4212 746 4263 Aiterwards
758 4213 846 4273 Hem'y
854 4212 908 4262 111.
