2858 4876
424 428 562 474 aucuns
588 427 857 477 ursroarnaou.
1048 402 1114 480 825

163 583 387 666 injungendo,
404 593 442 648 ut
457 606 518 667 per
535 586 719 650 manifesta
734 586 927 652 devotionis
949 596 984 652 et
1001 589 1112 652 humi·
1126 604 1181 643 Δῠ
1193 603 1247 642 ¹2¹⁵
1300 598 1303 604 ’

165 682 276 747 litatis
302 684 465 748 indicia
456 705 567 766 ipsum
596 705 710 767 regem
742 688 807 750 sibi
831 688 969 769 placare
994 689 1111 753 stude·
1125 705 1247 792 cmiter

163 791 253 860 rent,
271 803 312 847 ac
330 785 507 862 deinde,
480 805 509 847 sl
526 785 608 866 quid
627 787 671 848 ab
688 806 729 849 eo
746 787 911 851 ducerent
933 789 1111 870 postulan-
1125 765 1230 854 llllore
1247 763 1260 800 l

165 882 259 960 dum,
283 903 351 946 non
373 884 563 947 insolenter
589 886 649 948 sed
674 884 848 950 humiliter
874 887 1112 968 implorarent,

164 982 315 1064 regalem
338 991 582 1048 conservantes
605 985 636 1047 ei
659 985 835 1062 honorem,
858 994 893 1049 et
909 987 1112 1052 exhibentes

164 1083 306 1147 servitia
322 1091 500 1160 consueta,
523 1104 601 1166 quae
624 1085 690 1167 ipsi
713 1092 747 1149 et
761 1087 1031 1167 praedecessores
1053 1107 1111 1152 eo·

165 1203 240 1245 rum
273 1185 339 1247 sibi
366 1194 401 1248 et
425 1185 735 1266 praedecessoribus
763 1187 835 1249 suis
859 1186 1111 1268 impenderunt,

164 1302 242 1346 cum
270 1285 314 1346 ab
346 1285 395 1347 eis
420 1284 494 1365 ipse
519 1303 581 1346 rex
610 1304 680 1347 non
705 1284 807 1348 debet
828 1286 959 1369 absque
979 1287 1111 1369 judicio

165 1383 319 1464 spoliari,
332 1390 372 1446 ut
389 1384 450 1459 sic,
466 1383 557 1466 quod
572 1382 801 1462 intenderent
818 1393 960 1468 possent
976 1385 1110 1450 facilius

166 1483 331 1546 obtinere.
384 1483 460 1546 Nos
488 1484 578 1546 enim
605 1484 751 1547 eundem
775 1505 890 1567 regem
915 1505 977 1567 per
992 1486 1111 1550 literas

164 1589 301 1646 nostras
315 1584 513 1665 rogavimus
538 1591 573 1647 et
589 1586 793 1662 monuimus,
814 1593 849 1648 et
864 1605 926 1667 per
948 1586 1112 1668 praefatos

165 1683 459 1766 archiepiscopum
487 1692 522 1748 et
548 1685 728 1766 episcopos
754 1685 974 1749 nihilominus
996 1688 1112 1768 rogari

165 1790 200 1846 et
213 1784 344 1846 moneri
361 1784 611 1861 mandavimus
625 1785 661 1847 in
686 1785 918 1848 remissionem
943 1786 1007 1849 sibi
1030 1806 1110 1867 pec-

164 1884 336 1946 caminum
362 1883 594 1967 injungenteS,
619 1891 790 1966 quatenus
815 1885 998 1966 praedictos
1013 1904 1110 1966 mag-

165 1990 265 2047 nates
290 1990 325 2047 et
348 1984 479 2047 nobiles
502 1985 651 2066 benigne
675 1991 841 2047 tractaret
867 1991 901 2047 et
918 1984 1035 2068 justas
1057 2005 1114 2048 eo-

165 2103 241 2146 rum
268 2083 453 2167 petitiones
476 2085 663 2147 clementer
686 2084 895 2158 admitteret,
920 2091 960 2146 ut
986 2091 1021 2147 et
1044 2085 1111 2167 ipsi

165 2183 415 2264 congaudendo
435 2190 683 2266 cognoscerent
698 2203 776 2246 eum
794 2185 830 2246 in
845 2182 1018 2246 meliorem
1043 2191 1112 2247 sta-

164 2291 239 2346 tum
256 2282 373 2347 divina
390 2284 504 2364 gratia
522 2303 597 2347 esse
614 2291 797 2358 mutatum,
815 2302 856 2346 ac
879 2303 941 2364 per
962 2283 1027 2346 hoc
1045 2284 1112 2364 ipsi

164 2389 200 2446 et
218 2382 371 2446 haeredes
382 2403 499 2446 eorum
517 2383 581 2446 sibi
598 2390 634 2445 et
647 2383 840 2445 haeredibus
857 2383 928 2444 suis
950 2382 1113 2446 deberent

166 2484 359 2566 promptius
380 2490 415 2546 et
431 2482 590 2546 devotius
607 2482 779 2557 familiari,
803 2482 907 2564 plena
931 2482 981 2545 eis
1003 2483 1040 2544 in
1055 2503 1113 2546 ve·

166 2582 303 2659 niendo,
336 2583 502 2645 morando
531 2590 567 2645 et
592 2580 780 2645 recedendo
812 2582 997 2645 securitate
1031 2602 1113 2645 con-

167 2701 277 2759 cessa,
299 2683 349 2746 ita
370 2683 475 2764 quod,
493 2683 523 2745 si
546 2681 634 2745 forte
658 2682 815 2762 nequiret
839 2681 930 2745 inter
954 2701 1013 2745 eos
1033 2701 1115 2745 con-

156 2782 284 2846 ¹cordia
301 2783 492 2864 provenire,
511 2783 547 2844 in
572 2782 668 2844 curia
688 2800 752 2843 sua
773 2801 835 2862 per
857 2787 972 2862 partes
996 2801 1114 2844 eorum

167 2883 354 2946 secundum
379 2883 474 2963 leges
499 2889 534 2945 et
556 2880 821 2944 consuetudines
847 2882 945 2962 regni
972 2883 1115 2946 suborta

165 2982 333 3046 dissensio
349 2982 532 3065 sopiretur.
556 2981 700 3057 Verum,
711 2987 896 3061 antequam
909 2982 1021 3044 nuntii
1035 3001 1114 3044 cum

167 3082 232 3146 hoc
254 3082 398 3165 provido
416 3089 451 3145 et
463 3082 560 3164 justo
580 3079 744 3143 mandato
762 3078 956 3155 rediissent,
977 3081 1038 3157 illi,
1056 3081 1114 3163 ju-

167 3189 322 3246 ramento
347 3182 522 3245 fidelitatis
549 3181 686 3243 omnino
714 3186 924 3262 contempto,
947 3198 1024 3241 cum
1048 3180 1115 3243 etsi

168 3303 228 3347 rex
249 3302 307 3346 eos
325 3282 454 3366 injuste
471 3287 663 3362 gravasset,
678 3280 745 3361 ipsi
761 3287 877 3342 tamen
896 3298 964 3340 non
977 3278 1114 3342 debuis-

169 3389 247 3445 sent
262 3383 311 3445 sic
332 3401 436 3463 agere
452 3389 571 3445 contra
592 3400 682 3455 eum,
706 3380 794 3441 utin
809 3396 915 3441 causa
931 3397 996 3441 sua
1011 3378 1115 3441 iidem

162 3480 299 3564 judices
316 3487 351 3544 et
366 3488 585 3544 exsecutores
608 3479 809 3553 existerent,
828 3477 970 3541 vassalli
995 3484 1117 3541 contra

169 3580 345 3644 dominum
368 3587 404 3643 ct
430 3579 556 3643 milites
588 3586 709 3642 contra
734 3596 850 3658 regem
877 3578 1013 3660 publice
1035 3597 1117 3641 con-

164 3681 336 3766 jurantes,
359 3701 429 3745 non
454 3680 565 3743 solum
590 3698 666 3741 cum
685 3678 761 3741 aliis
779 3677 840 3741 sed
858 3698 937 3741 cum
953 3677 1027 3761 ejus
1043 3697 1116 3741 ma-

169 3781 400 3846 nifestissimis
421 3779 566 3842 inimicis
587 3785 881 3861 praesumpserunt
899 3785 1019 3840 contra
1038 3797 1116 3840 eum

169 3901 266 3944 arma
290 3900 440 3955 movere,
467 3886 677 3960 occupantes
704 3885 739 3941 et
761 3877 983 3940 devastantes
1007 3883 1117 3938 terras

167 3982 273 4059 illius,
295 3980 346 4044 ita
373 3998 511 4062 quoque
531 3979 622 4061 quod
645 3979 820 4041 civitatem
850 3975 1117 4051 Londoniarum,

169 4101 248 4164 quae
263 4080 362 4144 sedes
379 4086 432 4145 est
448 4079 556 4159 regni,
575 4077 768 4161 proditione
791 4076 856 4139 sibi
878 4074 1043 4138 traditam
1064 4072 1117 4135 in·

168 4189 340 4247 vaserunt.
395 4179 539 4244 Interim
555 4187 670 4243 autem
684 4176 839 4259 praefatis
859 4173 989 4238 nuntiis
1003 4193 1118 4239 rever·
