2858 4876
422 415 561 462 rinonns
585 413 855 465 msronmnun.
1046 404 1112 469 329

162 580 379 659 perpetuum,
392 572 485 655 quod
499 573 563 636 tali
576 574 677 638 modo
693 574 797 637 fuerit
807 574 1015 638 ordinatum.
1051 576 1111 639 In·
1123 594 1180 634 nn.
1192 593 1248 633 1215.

163 676 272 756 spiret
290 673 398 755 igitur
414 673 514 737 vobis
534 673 611 749 Ille,
629 673 689 755 qui
709 675 878 736 neminem
897 674 973 737 vult
988 675 1111 756 perire,

163 780 203 838 ut
220 772 453 856 adquiescatis
475 773 651 836 humiliter
670 775 797 837 nostris
818 773 1012 836 salubribus
1030 793 1111 837 con·

164 874 251 936 siliis
274 880 309 936 et
328 872 513 949 mandatiS,
540 892 595 948 ne,
622 871 652 935 si
679 892 778 936 secus
803 873 955 955 egeritiS,
977 874 1013 936 in
1035 893 1113 937 eum

165 972 326 1036 incidatis
363 972 546 1035 articulum
584 973 812 1050 necessitatis,
843 993 944 1055 quem
973 973 1112 1036 tandem

166 1072 312 1136 evadere
329 1072 403 1135 sine
421 1071 529 1135 multo
547 1071 747 1152 gravamine
762 1092 830 1149 non
848 1073 1008 1154 possitis;
1032 1092 1114 1155 quo·

166 1173 271 1250 niam,
294 1178 333 1234 ut
349 1171 391 1234 de
410 1170 544 1234 caeteris
562 1179 751 1247 taceamus,
770 1172 867 1234 nulla
888 1173 1023 1235 ratione
1045 1173 1114 1236 dis·

166 1271 329 1334 simulare
355 1289 535 1352 possemus
562 1291 669 1352 grave
700 1271 889 1353 periculum
917 1273 1025 1336 totius
1056 1292 1116 1335 ne-

167 1372 254 1453 gotii
278 1369 457 1447 Crucifixi,
483 1370 576 1453 quod
598 1371 718 1453 utique
743 1371 947 1448 immineret,
969 1371 1035 1434 nisi
1054 1391 1116 1452 per

168 1471 409 1534 auctoritatem
433 1478 587 1533 nostram
610 1479 855 1534 revocarentur
877 1472 1014 1535 omnino
1037 1491 1115 1553 quae

167 1590 188 1634 a
210 1579 309 1634 tanto
332 1569 486 1652 principe
512 1590 612 1634 cruce
643 1571 781 1651 signato
811 1572 927 1634 taliter
954 1578 1036 1634 sunt
1056 1591 1117 1634 ex-

167 1678 272 1747 torta,
288 1677 323 1733 et
335 1670 410 1752 ipso
427 1670 565 1733 volente
579 1670 639 1732 illa
654 1671 842 1734 observari.
889 1669 1017 1748 Quare,
1035 1670 1117 1733 dum

90 1806 94 1811 -
167 1770 259 1852 apud
277 1789 340 1833 nos
359 1769 637 1852 archiepiscopus
655 1778 691 1833 et
708 1769 860 1851 episcopi
872 1768 1011 1851 Angliae
1027 1789 1116 1850 prae·

168 1877 282 1933 sentes
308 1869 505 1933 exstiterint
529 1870 564 1932 in
593 1870 739 1932 concilio
764 1869 928 1950 generali,
957 1868 1049 1952 quod
1072 1869 1117 1932 ad

168 1968 419 2051 expediendum
451 1969 562 2032 crucis
598 1970 773 2050 negotium
806 1969 1030 2051 principalius
1063 1969 1116 2031 in-

169 2069 348 2133 tendemus
386 2068 570 2145 celebrare,
607 2076 847 2150 procuratores
887 2068 1028 2131 idoneos
1073 2068 1117 2131 ad

170 2177 322 2234 nostram
351 2169 572 2250 praesentiam
601 2169 793 2244 destinetis
823 2187 941 2231 secure
968 2188 1029 2231 vos
1058 2169 1116 2231 be-

171 2269 342 2352 neplacito
365 2276 484 2332 nostro
510 2269 785 2346 committentes3
809 2268 890 2350 quia
911 2287 973 2331 nos
994 2286 1047 2343 ea,
1067 2267 1118 2331 fa-

170 2377 271 2433 vente
295 2368 458 2445 Domino,
480 2376 684 2444 statuemus
715 2388 776 2450 per
798 2388 888 2449 quae,
909 2368 1116 2449 gravamini·

170 2471 234 2531 bus
262 2477 298 2532 et
319 2468 483 2532 abusibus
513 2469 555 2531 de
584 2487 690 2549 regno
712 2467 851 2549 Angliae
883 2486 1022 2548 prorsus
1055 2488 1116 2530 ex·

171 2570 287 2647 clusiS,
319 2588 381 2631 rex
413 2588 477 2631 suo
509 2569 555 2631 sit
582 2568 662 2651 jure
695 2575 729 2631 et
760 2567 888 2631 honore
922 2575 1117 2643 contentus,

170 2676 301 2733 ettam
331 2667 442 2731 clerus
474 2688 578 2749 quam
610 2668 758 2750 populus
792 2668 972 2731 universus
1002 2667 1118 2730 debita

170 2788 255 2851 pace
274 2787 314 2831 ac
331 2767 489 2831 libertate
513 2768 660 2831 laetetur.
716 2767 845 2831 Datum
865 2767 1036 2849 Agnaniae
1056 2787 1118 2830 no·

171 2889 215 2932 no
233 2866 400 2931 kalendas
421 2867 643 2948 Septembris,
661 2868 883 2949 pontificatus
903 2867 1012 2930 nostri
1029 2885 1118 2929 anno

172 2969 303 3031 decimo
324 2967 473 3030 octavo.’
526 2966 682 3050 Cumque
706 2968 857 3045 tandem,
882 2987 962 3047 rege
986 2965 1118 3046 Anglo-

172 3088 247 3131 rum
277 3074 496 3148 procurante,
528 3076 708 3149 magnates
735 3067 874 3147 Angliae
908 3065 969 3127 has
999 3066 1118 3129 literas

173 3175 243 3231 tam
268 3168 546 3231 commonitorias
575 3162 694 3249 ¹quam
717 3164 994 3229 comminatorias
1022 3184 1119 3228 aece-

171 3268 315 3349 pissent,
358 3266 542 3330 noluerunt
578 3267 741 3330 desistere
774 3267 818 3328 ab
850 3265 1022 3346 incoeptis,
1058 3264 1119 3327 sed

173 3373 270 3431 tanto
293 3368 329 3429 in
357 3387 434 3429 eum
468 3367 610 3449 gravius
635 3367 852 3446 insurgentes
879 3364 991 3428 acrius
1016 3363 1119 3428 infes-

171 3474 245 3530 tare
262 3473 452 3548 coeperunt.

218 3641 362 3716 Qualiter
386 3642 558 3706 Willelmes
575 3641 611 3705 de
624 3638 771 3705 Aldeeee‘o
788 3643 925 3724 Roffeese
939 3650 1073 3706 cestren

458 3743 492 3806 in
507 3741 646 3806 custodio
660 3743 831 3825 susceperit.

223 3865 363 3930 Interea
377 3885 456 3929 cum
474 3867 526 3930 vir
542 3865 667 3929 nobilis
681 3865 878 3929 Willelmus
895 3866 936 3929 de
951 3866 1119 3929 Albeneio
1132 3830 1242 3929 dlffilfflr

1132 3931 1192 3969 takes
1201 3931 1238 3969 tho

171 3965 289 4029 literas
325 3973 527 4048 magnatum
560 3965 707 4030 Londini
740 3965 1022 4029 commorantium
1051 3966 1275 4070 sne-mppr

1132 4081 1203 4121 castle.

381 4189 389 4221 ¹
399 4193 478 4247 Quum
488 4182 702 4260 comminatorias]
718 4194 829 4254 wanting
840 4193 866 4239 in
880 4194 911 4241 t'.
