2858 4876
399 429 535 478 enonas
559 430 827 480 nrsroumaun.
1044 416 1089 483 99

137 582 258 665 gentia
290 585 518 664 servabatur;
566 587 699 668 pectori
731 587 878 671 denique
910 589 985 672 ejus
1016 608 1086 653 em·
1099 601 1245 643 A1>¹¹⁹⁶

137 683 272 766 plastra
285 684 487 766 alligarunt,
502 687 632 750 acubus
646 688 785 768 plantas
805 687 931 769 pedum
951 707 1085 770 punxe·
1071 652 1219 792 {gp}
1228 700 1253 740 0¹

136 788 230 860 ruut,
247 782 307 847 sed
328 783 441 848 nihil
431 805 468 847 rn
482 803 536 863 eo,
556 786 648 867 quod
673 787 816 850 animati
841 786 989 851 hominis
1010 807 1086 853 esse

135 877 358 961 videretur,¹
365 883 519 948 invenire
542 892 740 966 potuerunt.
794 886 837 949 In
864 886 956 950 bunc
979 886 1088 968 igitur

136 982 275 1046 modum
291 1002 355 1065 per
375 983 529 1061 biduum,
545 983 658 1061 idest,
687 1004 710 1049 a
731 985 845 1049 media
867 986 979 1050 noctis
999 985 1086 1051 hora

137 1080 350 1146 Parasceues
366 1101 476 1165 usque
496 1082 540 1147 ad
561 1083 680 1147 horam
703 1084 918 1167 completorii
939 1105 1086 1168 sequen·

136 1181 181 1243 tis
212 1181 361 1259 sabbati,
383 1181 476 1246 lecto
500 1183 708 1246 decumbens
734 1184 919 1248 immobilis
945 1186 1084 1249 omuino

136 1280 346 1361 permansit;
372 1281 408 1344 in
437 1280 522 1369 hora
548 1288 664 1345 autem
692 1284 809 1364 magni
840 1283 988 1361 sabbati,
1014 1304 1085 1366 qua

136 1386 328 1444 conventus
361 1380 405 1443 ad
434 1381 694 1463 completorium
720 1389 813 1446 esset
838 1390 1082 1461 conventurus,

136 1478 217 1542 cilia
234 1479 411 1544 oculorum
433 1480 591 1562 praedicti
613 1480 730 1545 fratris
752 1488 934 1564 coeperunt
958 1482 1084 1564 paulu-

135 1577 206 1641 lum
230 1579 369 1661 agitari,
396 1597 437 1642 ae
461 1580 597 1643 demum
629 1580 752 1645 humor
776 1581 916 1663 quidam
946 1582 1084 1664 lachry-

135 1696 270 1742 marum
282 1698 378 1743 more
390 1679 427 1742 in
446 1698 555 1760 genas
569 1679 693 1745 leniter
707 1680 892 1758 defluebat,
905 1687 952 1758 et,
967 1701 1086 1763 quem-

137 1777 321 1842 admodum
346 1778 519 1843 dormiens
549 1778 627 1860 quis
659 1780 784 1862 ploret,
806 1780 927 1844 crebra
949 1782 993 1844 ab
1014 1781 1084 1844 imo

110 1950 113 1955 ,
135 1878 285 1959 pectoris
310 1877 406 1942 visus
432 1885 486 1943 est
512 1879 724 1960 ingeminare
753 1880 913 1962 suspiria,
941 1886 976 1943 et
1004 1888 1084 1961 post

136 1977 308 2042 modicum
332 1978 376 2041 de
400 1975 570 2061 profundo
594 1997 680 2043 sono
696 1979 759 2043 vix
781 1978 923 2043 audibili
947 1979 984 2041 in
1006 1986 1085 2060 gut·

135 2083 213 2141 ture
244 2078 352 2142 verba
379 2078 537 2159 quaedam
566 2078 744 2143 revolvere
768 2078 961 2141 videbatur.
1014 2077 1086 2141 De·

137 2175 229 2255 inde,
259 2176 387 2244 sensim
417 2177 582 2241 redeunte
615 2175 752 2260 spiritu,
783 2176 946 2246 invocare
978 2176 1086 2258 coepit

136 2282 293 2341 sanctam
326 2275 477 2340 Mariam
507 2275 637 2353 dicens,
665 2275 720 2338 ‘0
747 2283 869 2340 sancta
897 2275 1024 2352 Maria,
1053 2275 1084 2338 Ο

136 2374 276 2441 domina
307 2383 429 2440 sancta
458 2375 586 2453 Maria,
616 2396 680 2458 pro
712 2395 781 2457 quo
806 2380 950 2458 peccato
978 2373 1085 2457 perdo

136 2475 300 2557 gaudium
323 2481 395 2540 tam
417 2475 623 2541 immensum
632 2476 659 2539 i'
697 2473 801 2538 ·Haec
818 2474 947 2556 saepius
964 2480 1000 2537 et
1016 2472 1087 2538 alia

137 2574 174 2638 in
204 2574 296 2639 hunc
323 2576 463 2638 modum
496 2581 656 2657 repetens
683 2575 913 2656 privationem
938 2573 1085 2656 alicujus

137 2673 294 2739 immensi
320 2674 439 2756 gaudii
467 2674 686 2738 adstantibus
713 2673 897 2737 indicabat.
951 2671 1086 2737 Deinde

136 2774 237 2857 quasi
258 2773 301 2839 de
323 2774 422 2855 gravi
445 2773 615 2855 evigilans
647 2792 769 2837 somno
798 2779 905 2856 caput
932 2771 1086 2836 excussit

136 2880 173 2939 et
187 2873 290 2938 nimis
312 2891 429 2937 amare
444 2872 543 2950 flens,
559 2872 787 2937 defluentibus
800 2873 934 2955 jugiter
949 2871 1086 2953 lachry-

137 2973 215 3052 mis,
236 2973 420 3056 singultire
445 2973 564 3054 coepit,
593 2973 821 3054 manibusque
844 2971 1029 3052 complosis
1044 2988 1085 3034 ac

137 3072 308 3138 consertis
335 3072 455 3154 digitis
483 3072 594 3136 erexit
618 3091 655 3135 se
682 3072 798 3134 subito
826 3078 861 3134 et
890 3069 1028 3146 resedit,
1050 3075 1086 3133 et

137 3179 243 3256 caput
264 3172 301 3236 in
322 3171 483 3235 manibus
506 3179 542 3235 et
565 3191 670 3253 super
696 3189 812 3252 genua
838 3169 1014 3252 deponens
1035 3167 1086 3231 la·

136 3272 356 3337 mentabilem
382 3270 484 3335 nimis
509 3270 686 3353 planctum
713 3269 843 3333 diutius
871 3267 1085 3343 continuare,

136 3371 227 3436 siem
251 3379 417 3454 coeperat,
441 3390 511 3434 non
534 3371 702 3433 cessabat
754 3367 855 3431 Tunc
878 3386 901 3430 a
923 3366 1086 3430 fratribus

137 3470 284 3535 multum
299 3478 455 3552 rogatus,
467 3478 508 3532 ut
523 3476 604 3552 post
625 3477 696 3533 tam
720 3467 894 3549 prolixum
915 3465 1086 3549 jejunium

138 3576 174 3635 ct
201 3569 355 3634 laborem
380 3568 511 3650 aliquid
537 3573 700 3646 sumeret,
733 3566 861 3648 exigna
886 3566 987 3647 panis
1008 3585 1087 3647 por-

138 3669 233 3733 tione
266 3669 399 3752 potitus
434 3667 582 3751 pervigil
619 3668 656 3730 in
688 3666 844 3730 oratione
870 3664 1086 3747 permansit;

139 3768 326 3852 requisitus
354 3774 471 3832 autem
503 3767 534 3831 si
563 3785 601 3830 se
628 3766 672 3829 dc
701 3765 901 3829 infirmitate
932 3768 1088 3846 speraret

138 3886 323 3933 evasurum
354 3867 544 3950 respondit,
572 3865 687 3929 ‘Satis
708 3865 837 3941 vivam,
863 3861 1011 3946 quiade
1036 3861 1089 3924 in·

139 3967 302 4032 firmitate
312 3966 387 4050 jam
403 3967 505 4050 plene
526 3963 710 4030 convalui.'
762 3962 897 4026 Deinde
913 3968 1015 4024 nocte
1035 3979 1089 4023 se-

139 4067 271 4151 quenti,
290 4067 326 4130 id
347 4074 402 4131 est
428 4065 617 4130 Dominicae
639 4061 910 4138 resurrectionis,
940 4079 1018 4124 cum
1044 4058 1089 4121 ad

399 4213 546 4279 Uerania]
563 4213 758 4277 ‘Conjicero'in
770 4213 828 4262 MS.

905 4319 922 4352 rr
934 4310 950 4352 2
