2858 4876
430 397 571 444 ruerus
593 396 865 446 rrrsroumuun.
962 428 965 435 .
1057 380 1122 446 139

172 576 313 621 aureum
336 556 518 622 habentem
544 557 579 620 in
606 556 806 621 summitate
832 574 1040 642 pergyrum
1064 578 1121 621 ro·
1134 572 1257 612 tto-11⁹⁹·

170 658 267 721 sulas
295 676 421 722 aureas
452 656 680 722 artificialiter
710 655 943 736 fabrefactas3
980 664 1017 721 et
1046 657 1122 742 ipse

171 756 243 821 dnx
270 775 387 822 coram
414 758 507 822 clero
532 764 569 822 et
594 757 725 840 populo
751 757 886 841 juravit
912 775 1017 840 super
1045 758 1122 822 reli·

172 858 272 939 quias
300 864 501 922 sanctorum
522 864 558 921 et
579 874 685 939 super
709 857 890 938 evangelia
919 874 1122 922 sacrosanc-

172 965 221 1035 ta,
243 957 334 1040 quod
357 958 433 1041 ipse
457 964 613 1021 sanctam
637 956 818 1021 ecclesiam
845 964 881 1021 ct
907 955 984 1039 ojus
1008 957 1122 1039 digni-

172 1064 263 1122 tates
281 1059 373 1122 bona
396 1057 463 1121 lide
487 1064 522 1121 et
548 1057 623 1121 sine
649 1056 742 1120 malo
761 1057 901 1138 ingenio
924 1056 1122 1122 defenderet

171 1164 208 1221 et
227 1156 405 1222 ordinatos
433 1157 639 1235 bonoraret3
663 1156 799 1240 juravit
823 1156 930 1220 etiam
952 1157 1045 1239 quod
1070 1157 1119 1220 le-

172 1276 233 1340 ges
253 1257 404 1340 iniquas,
428 1259 459 1320 si
482 1275 561 1340 quac
585 1262 715 1333 essent,
736 1256 929 1320 destrueret
953 1263 990 1320 et
1010 1258 1121 1321 bonas

170 1363 382 1440 surrogaret.
435 1357 562 1421 Eodem
585 1363 738 1439 tempore
761 1355 971 1433 willelmus,
997 1376 1122 1439 genere

174 1456 398 1521 Normannus
422 1465 458 1522 et
480 1457 634 1521 ecclesiae
659 1456 773 1520 sancti
798 1456 900 1520 Pauli
923 1455 1121 1521 Loudonia-

173 1576 249 1621 rum
270 1558 468 1634 canonicus,
487 1556 579 1640 apud
598 1557 946 1621 westmonasterium
967 1576 1028 1638 per
1048 1576 1121 1620 ma-

173 1676 255 1720 num
294 1657 459 1734 Huberti,
496 1657 756 1722 Cantuariensis
794 1655 1054 1739 archiepiscopi,
1085 1656 1121 1720 in

173 1757 307 1841 capella
328 1765 459 1822 sanctae
479 1756 676 1821 Gatherinae
702 1757 884 1839 episcopus
907 1755 1122 1821 Londonien-

173 1857 222 1921 sis
238 1865 459 1922 consecratus
473 1864 527 1922 est
542 1857 676 1922 decimo
691 1856 859 1920 kalendas
871 1855 895 1920 J
900 1856 983 1920 unii.

383 2034 432 2097 De
446 2007 585 2099 coroiaot'
558 2042 638 2099 truie
652 2033 732 2120 repis
748 2033 914 2097 Jolaaats.

222 2154 407 2221 Paridem
430 2164 567 2240 tempus
589 2159 663 2223 dux
693 2158 728 2223 N
731 2177 919 2223 ormunnrae
942 2156 965 2221 J
968 2156 1123 2222 ohannes
1135 2173 1201 2212 cor
1193 2171 1246 2261 hutaio
1234 2182 1261 2211 on

174 2256 438 2322 transfretavit
427 2278 463 2321 m
474 2256 637 2341 Angliam
654 2267 688 2323 et
700 2260 793 2342 apud
810 2258 999 2322 Schorham
1015 2223 1159 2372 appli-

173 2356 245 2420 cuit
260 2363 387 2422 octavo
404 2357 570 2422 kalendas
587 2358 610 2421 J
613 2380 698 2437 unu
716 2360 782 2423 et
772 2380 808 2423 111
831 2359 994 2431 crastino,
1016 2357 1053 2420 in
1072 2357 1123 2421 vi·

174 2456 259 2538 gilio
279 2456 440 2523 videlicet
462 2459 656 2524 Dominicae
678 2459 902 2535 ascensionis,
925 2458 1123 2521 Londonias

174 2557 268 2621 venit
288 2557 415 2622 ibidem
430 2560 658 2624 coronandus.
705 2558 936 2641 Congregatis
955 2559 1074 2640 itaquo
1088 2558 1123 2620 in

174 2656 326 2721 adventu
343 2657 419 2741 ejus
436 2659 716 2743 archiepiscopis,
737 2660 919 2742 episcopis,
940 2658 1124 2722 comitibus

173 2764 210 2821 et
223 2757 410 2822 baronibus
424 2766 530 2842 atque
545 2760 623 2823 aliis
635 2760 806 2837 omnibus,
823 2759 882 2842 qui
894 2759 969 2842 ejus
982 2776 1127 2822 corona·

176 2855 261 2921 tioni
276 2858 443 2922 interesse
459 2858 661 2937 debuerant,
673 2853 884 2936 ¹Hubertus,
900 2857 1127 2923 cantuarien·

174 2956 224 3020 sis
237 2957 528 3042 archiepiscopus,
545 2961 724 3043 imponens
741 2960 848 3043 capiti
862 2959 937 3043 ejus
951 2976 1126 3034 coronam,

177 3057 279 3121 unxit
304 3076 382 3121 eum
407 3057 443 3123 in
470 3079 587 3142 regem
611 3061 704 3143 apud
723 3059 1071 3125 Westmonastcrium
1090 3056 1126 3120 in

176 3156 323 3222 ecclesia
349 3157 513 3241 principis
535 3161 770 3243 apostolorum
793 3158 984 3223 Dominioae
1007 3176 1126 3221 asceu-

175 3257 282 3321 sionis
304 3256 372 3333 die,
392 3266 493 3323 sexto
515 3258 682 3324 kalendas
698 3261 721 3326 J
724 3260 817 3339 unii;
840 3253 1035 3341 ²Philippo,
1053 3257 1126 3321 Du-

176 3355 342 3421 nelmensi
358 3358 533 3442 episcopo,
548 3361 759 3443 appellante,
778 3361 838 3424 sed
854 3378 922 3423 non
938 3359 1128 3433 obtinente,

177 3476 220 3520 ne
241 3459 421 3523 coronatio
438 3458 499 3523 illa
519 3460 618 3525 fieret
641 3461 677 3525 in
700 3461 858 3524 absentia
882 3454 1056 3532 Gausridi
1074 3478 1127 3522 ar-

177 3555 385 3640 chiepiscopi
403 3559 645 3624 Eboracensis.
687 3561 731 3625 In
748 3561 813 3624 bac
827 3559 1050 3623 coronatione
1064 3578 1127 3622 rex

174 3655 355 3722 Jobanues
374 3658 501 3742 triplici
523 3660 701 3726 involutus
723 3668 776 3725 est
788 3665 1018 3735 sacramento,
1035 3658 1128 3740 quod

178 3754 339 3822 videlicet
351 3765 508 3823 sanctam
525 3760 706 3825 ecclesiam
729 3768 765 3825 et
786 3761 862 3844 ejus
880 3759 1057 3823 ordinatos
1078 3759 1126 3823 di·

213 3989 380 4057 ¹illaboratae]
398 3992 473 4044 Paris
484 3992 644 4044 barbereio·
667 3995 770 4056 terbury
781 4009 850 4056 upon
860 3992 902 4042 the
919 3989 987 4054 right
999 3990 1028 4040 oi
1040 3986 1129 4040 John’s

179 4063 272 4125 serted,
282 4065 309 4112 in
324 4060 423 4114 Carte‘s
436 4065 548 4126 opinion,
560 4079 592 4113 an
605 4065 642 4112 in·
667 4065 823 4115 succession.

180 4135 281 4183 vention
297 4134 327 4183 ot'
340 4135 380 4184 his
402 4150 469 4190 own,
487 4151 519 4184 an
536 4135 643 4184 addrees

180 4204 279 4266 namely
286 4205 316 4254 ot'
323 4205 364 4255 the
376 4204 528 4267 arcbbisbop
538 4205 568 4254 of
576 4204 643 4255 Can·
703 4199 856 4269 widapa]
877 4203 1009 4262 Heroden,
1021 4216 1046 4262 p.
1056 4203 1113 4249 793.
