2858 4876
430 402 569 450 mouns
592 403 863 453 msronmauu.
1045 389 1113 455 345

162 558 280 623 literas
310 561 512 643 accepisset,
539 569 579 626 ut
604 563 715 627 dictos
741 570 922 645 magnates
945 583 1008 645 per
1034 582 1112 627 cen·
1125 582 1249 625 anans.

164 678 279 723 suram
295 661 563 725 ecclesiasticam
581 682 603 726 a
619 665 858 745 persecutione
881 664 973 745 regis
995 663 1113 727 refrae-

164 765 275 837 naret,
307 760 383 843 ipse
411 761 446 824 id
479 761 591 826 lacere
623 763 844 828 dissimulans
875 765 919 826 ab
951 762 1113 845 episcopo

163 858 397 924 Wintoniensi
432 869 467 926 et
498 864 570 926 suis
598 863 835 947 conjudicibus
869 883 890 926 a
919 862 1113 927 divinorum

165 958 395 1033 celebratione
422 968 457 1025 et
479 961 635 1044 ingressu
661 963 815 1028 ecclesiae
838 969 891 1026 est
913 982 1114 1044 suspensus,

164 1058 283 1142 sicque
299 1060 341 1123 ad
358 1061 541 1125 concilium
558 1082 747 1146 properans
767 1061 958 1127 manifestis
979 1061 1115 1125 indiciis

166 1178 203 1223 se
219 1158 325 1223 fuisse
340 1163 523 1243 praeceptis
546 1163 745 1244 apostolicis
767 1163 929 1227 rebellem
952 1161 1115 1226 ostendit.

168 1258 237 1322 His
257 1267 292 1323 et
307 1260 384 1323 aliis
406 1261 525 1325 multis
546 1263 583 1326 in
606 1263 696 1326 hunc
718 1263 856 1327 modum
872 1263 1044 1344 allegatis,
1060 1281 1116 1325 ar-

168 1358 418 1442 chiepiscopus,
439 1363 539 1443 quasi
562 1363 740 1427 convictus
756 1370 791 1427 et
807 1383 877 1426 non
899 1362 1117 1426 mediocriter

167 1458 343 1531 confusus,
371 1461 455 1524 nihil
486 1463 675 1545 respondit,
707 1463 773 1526 nisi
800 1462 892 1544 quod
920 1482 942 1525 a
973 1481 1117 1544 suspen-

168 1560 264 1622 sione
293 1561 486 1641 postularit
511 1562 666 1640 absolvi;
701 1563 756 1626 cui
786 1582 878 1645 papa
907 1581 985 1624 cum
1007 1560 1117 1641 indig·
1201 1597 1205 1604 ·

168 1659 307 1723 natione
318 1660 387 1724 tale
401 1661 511 1724 fertur
519 1661 654 1724 dedisse
668 1666 898 1743 responsum,‘
907 1661 1042 1737 Frater,
1056 1680 1118 1742 per

170 1766 328 1822 sanctum
347 1759 501 1838 Petrum,
517 1780 585 1824 non
602 1763 653 1824 ita
667 1761 710 1825 de
730 1761 823 1825 facili
838 1760 1040 1824 beneficium
1056 1761 1118 1822 ab·

170 1859 353 1923 solutionis
373 1861 586 1942 impetrabis,
609 1862 754 1944 quinon
773 1862 884 1925 solum
901 1861 967 1943 ipsi
983 1857 1117 1940 Anglo-

170 1979 246 2022 rum
263 1961 350 2040 regi,
367 1980 484 2025 verum
502 1961 606 2024 etiam
633 1960 802 2024 Romanae
825 1960 991 2036 ecclesiae,
1013 1965 1066 2023 tot
1084 1966 1120 2022 et

171 2059 260 2122 tales
287 2058 431 2142 injurias
458 2061 632 2141 irrogasti.
684 2060 855 2125 Volumus
879 2077 1017 2143 quoque
1041 2077 1119 2121 cum

171 2159 275 2242 plena
290 2158 435 2222 fratrum
453 2167 647 2224 nostrorum
664 2161 910 2224 deliberatione
925 2159 1119 2235 decernere,

172 2259 321 2341 qualiter
350 2265 421 2322 tam
452 2262 671 2324 temerarium
705 2261 887 2343 puniamus
917 2255 1120 2322 excessum!

172 2357 340 2436 Tandem,
351 2358 470 2423 habito
487 2379 591 2442 super
606 2360 671 2424 boc
688 2380 765 2423 cum
782 2359 1014 2424 cardinalibus
1029 2364 1118 2420 trac-

174 2465 260 2535 tatu,
277 2461 513 2540 suspensionis
530 2461 738 2524 sententiam
761 2460 797 2522 in
820 2460 932 2541 ipsum
956 2456 1122 2539 archiepi-

172 2576 312 2639 scopum
330 2559 535 2641 subscriptis
549 2560 658 2624 literis
677 2559 896 2624 confirmavit
910 2579 918 2639 3

197 2735 246 2797 Dc
260 2735 486 2817 confirmatione
499 2738 704 2822 suspensionis
720 2737 853 2822 ejusdcm
867 2733 1098 2820 archicpiscopi.

225 2853 487 2925 ‘Innocentius¹
503 2862 698 2944 episcopus,
716 2859 885 2924 universis
897 2857 1125 2922 Cantuarien·
1137 2879 1275 2928 Hirsuspsn-

112 2948 119 2959 ’
175 2958 224 3021 sis
249 2958 402 3022 ecclesiae
427 2959 667 3042 suffraganeis
690 2960 849 3023 salutem.
900 2956 956 3021 Ad
973 2931 1241 3021 commu-dldssdl'

177 3077 255 3121 nem
271 3058 428 3123 volumus
452 3061 608 3123 notitiam
634 3060 826 3142 pervenire,
853 3056 944 3140 quod
966 3076 1028 3120 nos
1051 3076 1127 3119 sus-

178 3158 349 3239 pensionis
369 3160 588 3237 sententiam,
598 3179 700 3242 quam
713 3157 921 3223 venerabilis
931 3156 1039 3219 frater
1047 3174 1125 3219 nos-

177 3267 230 3320 ter
257 3256 299 3320 P.
316 3257 568 3323 Wintoniensis
592 3261 787 3342 episcopus,
810 3264 845 3320 et
865 3256 1012 3319 dilectus
1036 3254 1126 3318 filius

179 3356 221 3420 P.
240 3357 483 3436 subdiaconus,
506 3359 735 3423 etfamiliaris
754 3364 872 3423 noster
891 3355 1126 3419 Norwicensis

178 3457 320 3533 electus,
342 3459 378 3521 in
399 3457 625 3541 Stephanum,
648 3457 934 3522 Cantuariensem
958 3454 1127 3537 archiepi-

178 3576 332 3639 scopum,
362 3559 569 3622 auctoritate
594 3558 786 3640 apostolica
813 3555 1042 3639 protulerunt,
1071 3573 1126 3617 ra-

178 3664 247 3720 tam
264 3657 440 3734 habemus,
460 3664 495 3721 et
516 3658 734 3740 praecipimus
751 3655 996 3720 inviolabiliter
1014 3655 1128 3718 obser-

178 3757 253 3820 vari
276 3756 383 3820 donec
406 3757 496 3821 idem
520 3757 811 3839 archiepiscopus
836 3757 894 3838 qui
918 3774 993 3817 eam
1017 3754 1127 3817 humi·

108 3923 110 3929 ,
178 3856 258 3920 liter
280 3864 408 3932 serrat,
426 3864 599 3921 mereatur
615 3858 658 3921 ab
680 3857 769 3938 ipsa,
787 3856 894 3939 juxta
911 3855 1054 3918 sormam
1072 3872 1128 3916 ec·

179 3956 293 4021 clesiae
322 3957 482 4020 cautione
514 3957 686 4040 praestita,
711 3955 873 4032 relaxari,
897 3973 966 4016 uno
989 3952 1129 4018 vinculo

445 4173 638 4244 ¹1nnocenuua]
660 4179 763 4240 Rymer,
775 4178 792 4226 i.
805 4193 831 4238 p.
844 4180 900 4225 139.
