2858 4876
418 408 557 455 rnoans
581 408 849 457 nrsronmauu.
1040 394 1106 458 229

157 562 311 627 ecclesiis
336 563 621 628 conventualibus
644 585 706 648 per
728 572 837 629 totam
860 562 1024 647 Angliam
1049 587 1104 632 so·
1118 585 1240 626 annm.

157 662 316 727 lemniter
335 664 550 746 publicantes
569 665 683 747 ipsum
705 665 857 729 facerent
880 667 924 729 ab
947 667 1104 731 omnibus

157 763 286 827 arctius
302 764 438 828 evitari.
491 764 557 828 Sed
574 785 651 828 cum
668 765 820 847 episcopi
831 765 906 849 jam
924 765 1007 829 dicti
1022 786 1104 831 con-

156 861 321 927 fratribus
351 865 436 941 suis,
457 865 518 946 qui
545 865 581 927 in
602 862 734 946 Anglia
761 874 1009 943 remanserant,
1031 868 1104 950 epi-

157 964 283 1045 scopis,
305 964 451 1045 aliisque
472 964 693 1028 ecclesiarum
717 965 884 1046 praelatis,
900 966 1104 1048 publicatio-

157 1082 233 1126 nem
261 1064 441 1127 sententiae
471 1065 677 1128 auctoritate
703 1065 895 1146 apostolica
916 1066 1105 1130 commisis-

156 1170 246 1241 sent,
268 1162 380 1227 effecti
401 1171 483 1228 sunt
502 1165 655 1228 universi
678 1172 771 1228 metu
794 1166 889 1247 regio
908 1165 964 1229 vel
984 1165 1104 1231 favore

158 1282 262 1327 canes
289 1264 375 1327 muti
403 1283 472 1356 non
499 1264 666 1328 audentes
688 1264 828 1342 latrare,
857 1265 948 1328 unde
971 1266 1105 1349 injunc-

157 1372 229 1427 tum
248 1363 314 1427 sibi
337 1361 485 1426 officium
509 1365 653 1446 exsequi
674 1364 930 1428 dissimulantes
949 1365 985 1427 in
1008 1385 1105 1428 man-

157 1462 248 1526 datis
267 1463 467 1546 apostolicis
487 1463 673 1528 secundum
687 1455 777 1548 juris
796 1464 947 1529 ordinem
965 1465 1104 1530 minime

156 1570 407 1646 processerunt.
468 1563 705 1629 Veruntamen
736 1565 908 1629 sententia
938 1564 974 1627 in
1007 1566 1103 1629 brevi

157 1662 250 1727 sacta
274 1664 433 1728 omnibus
459 1664 640 1727 notissima
657 1663 693 1726 in
715 1664 781 1727 viis
809 1670 845 1728 et
866 1665 1003 1747 plateis,
1026 1685 1103 1730 nec·

157 1763 284 1827 nonin
308 1763 385 1827 aliis
413 1763 588 1828 hominnm
615 1764 877 1842 conventiculis
903 1764 1104 1828 confabula-

156 1864 251 1928 tione
281 1863 363 1927 licet
390 1864 620 1929 secretissima
650 1864 803 1927 omnium
837 1883 899 1928 ora
930 1864 1101 1946 replevit;

156 1964 247 2028 inter
262 1982 351 2046 quos
373 1984 451 2028 cnm
474 1964 528 2028 die
547 1963 696 2046 quodam
719 1963 853 2028 sederet
875 1964 967 2047 apud
984 1964 1103 2029 West·

157 2065 401 2128 monasterium
430 2064 474 2128 ad
496 2065 706 2128 scaccarium
728 2062 931 2141 Gauiridus,
954 2062 1103 2128 archidi-

159 2183 288 2228 aconus
317 2163 564 2242 Norwicensis,
593 2165 698 2246 regiis
728 2164 909 2228 intendens
941 2164 1103 2245 negotiis,

156 2265 263 2346 coepit
279 2265 444 2328 secretius
461 2265 682 2329 sermocinari
701 2283 777 2327 cum
800 2263 903 2329 sociis
921 2265 992 2327 suis
1009 2264 1102 2328 adsi·

156 2363 315 2428 dentibus
333 2364 375 2427 de
395 2364 568 2428 sententia
588 2365 621 2426 in
647 2384 761 2445 regem
783 2363 868 2439 lata,
886 2363 1015 2440 dicens,
1033 2383 1101 2428 non

154 2483 231 2528 esse
253 2470 365 2528 tutum
388 2465 472 2528 viris
503 2464 716 2527 beneficiatis
748 2465 784 2526 in
816 2464 980 2546 obsequio
1011 2465 1102 2545 regis

153 2563 443 2628 excommunicati
464 2564 610 2627 ulterius
632 2563 825 2642 immorari;
849 2570 896 2640 et,
919 2564 972 2626 his
989 2563 1102 2641 dictis,

155 2662 199 2728 ad
228 2665 369 2746 propria
397 2683 467 2727 non
497 2663 693 2727 licentiatus
720 2663 872 2727 recessit.
933 2662 1000 2726 Sed
1024 2681 1102 2727 cum

155 2770 235 2848 post
262 2763 439 2848 paululum
468 2782 522 2840 ea,
547 2783 625 2846 quae
654 2762 747 2827 facta
772 2762 921 2837 fuerant,
944 2763 987 2826 ad
1011 2763 1103 2844 regis

155 2862 312 2928 notitiam
344 2863 595 2946 pervenissent,
623 2883 692 2926 non
722 2863 939 2926 mediocriter
969 2870 1103 2946 pertur-

154 2963 257 3028 batus
279 2964 374 3028 misit
390 2963 602 3028 Willolmum
621 2962 769 3027 'l’alebot
788 2962 931 3026 militem
948 2981 1025 3026 cum
1048 2981 1105 3025 ar·

154 3071 249 3128 mata
275 3083 392 3141 manu,
414 3063 474 3145 qui
502 3064 615 3147 ipsum
646 3061 925 3126 archidiaconum
950 3081 1105 3144 compre·

154 3162 297 3228 bensnm
327 3169 363 3228 et
385 3163 533 3227 vinculis
564 3163 761 3245 asperrimis
790 3162 1013 3226 constrictum
1039 3163 1104 3226 sub

156 3262 320 3328 carcerali
336 3262 494 3327 custodia
509 3263 741 3342 recluserunt3
760 3262 817 3325 nbi
836 3268 916 3344 post
932 3261 1004 3346 dies
1019 3281 1104 3344 pau-

154 3383 227 3441 cos,
251 3382 335 3445 rege
356 3363 503 3445 praefato
520 3363 678 3447 jubente,
701 3381 790 3444 capa
818 3361 961 3424 indutus
988 3361 1101 3444 plum·

155 3465 232 3540 bea,
260 3472 330 3528 tarn
354 3463 557 3527 victualium
579 3463 724 3545 penuria
749 3481 852 3544 quam
874 3461 984 3544 ipsius
1007 3480 1103 3542 capae

154 3563 412 3647 ponderositate
430 3582 647 3646 compressus
664 3562 827 3644 migravit
842 3560 886 3625 ad
903 3561 1102 3625 Dominum.

196 3739 246 3802 De
260 3737 397 3803 cmsiliis
412 3737 529 3822 iniquis
543 3734 689 3821 amorra·
701 3732 882 3826 Alabandri
896 3733 1060 3818 maioris.

206 3866 361 3948 Ingessit
382 3884 419 3929 se
442 3864 507 3929 hac
529 3863 705 3928 interdicti
724 3868 932 3946 tempestate
952 3859 1105 3924 consiliis
1119 3881 1240 3922 niumm

156 3967 261 4048 regiis
277 3964 592 4049 pseudotheologus
608 3964 761 4047 quidam,
776 3963 941 4044 magister
952 3960 1105 4024 Alexan·
1119 3933 1215 4023 affl.

156 4066 228 4142 der,
237 4065 351 4130 dictus
366 4065 628 4141 caementarius,
640 4065 700 4147 qui
715 4063 785 4127 suis
799 4063 926 4143 iniquis
942 4059 1106 4143 praedica-

157 4167 309 4232 tionibus
329 4185 444 4248 rogem
470 4186 538 4230 non
564 4164 780 4230 mediocriter
803 4161 845 4225 ad
869 4161 1107 4226 crudelitatem
