2858 4876
335 389 401 454 316
592 403 725 450 uocatu
751 404 798 449 nn
822 402 1027 452 wannovnu

177 583 231 623 ro.
242 583 299 623 1215.
338 581 399 643 per
425 579 489 623 nos
513 559 568 622 vel
591 558 823 642 justiciarium
855 567 1009 624 nostrum
1039 559 1095 623 v'el
1121 559 1290 623 ballivum

248 689 250 694 ·
337 667 492 723 nostrum
538 677 622 738 erga
669 659 820 740 aliquem
864 660 899 721 in
945 659 1063 740 aliquo
1104 657 1288 739 deliqueri-

336 777 426 834 mus,
447 757 502 820 vel
524 757 672 838 aliquem
703 758 924 820 articulorum
954 757 1050 839 pacis
1074 756 1130 820 vel
1158 757 1289 820 securi-

338 857 420 919 tatis
438 856 646 937 transgressi
667 855 843 932 fuerimnS‚
866 863 901 919 et
917 856 1079 919 delictum
1103 854 1207 918 fuerit
1232 875 1290 918 os-

336 962 470 1018 tensum
504 962 653 1035 quatuor
685 955 871 1018 baronibus
903 955 945 1017 de
978 953 1103 1035 viginti
1135 953 1287 1036 quinque

262 1060 265 1065 ’
335 1054 530 1129 baronibus
549 1053 600 1115 illi
621 1059 771 1134 quatuor
791 1054 938 1116 barones
956 1053 1121 1116 accedent
1143 1051 1187 1115 'ad
1210 1072 1287 1130 nos,

336 1159 371 1215 et
401 1153 444 1215 ad
472 1150 705 1235 justiciarium
741 1158 895 1214 nostrum
925 1152 954 1215 si
987 1150 1152 1214 fuerimus
1184 1159 1286 1214 extra

336 1270 490 1331 regnum,
517 1257 552 1312 et
570 1257 800 1331 proponentes
827 1250 926 1312 nobis
954 1268 1136 1313 excessum
1165 1256 1286 1331 petent

335 1356 375 1412 ut
392 1349 466 1411 sine
489 1347 654 1410 dilatione
677 1346 843 1409 faciamus
865 1348 1050 1411 emendari.
1105 1348 1151 1410 Et
1170 1349 1199 1410 si
1220 1367 1285 1411 nos

335 1466 513 1510 excessum
549 1465 616 1508 non
648 1445 954 1522 emendaverimus,
982 1445 1037 1509 vel
1066 1446 1283 1529 justiciarius

335 1553 452 1608 noster
477 1545 506 1606 si
530 1543 696 1607 fuerimus
716 1551 817 1607 extra
842 1564 999 1626 regnum,
1028 1544 1120 1608 infra
1145 1546 1284 1627 tempu's

334 1643 565 1726 quadraginta
603 1642 746 1719 dierum,
788 1644 1020 1724 computando
1064 1663 1085 1706 a
1130 1651 1283 1726 tempore

334 1763 402 1824 quo
429 1750 659 1805 monstratum
683 1741 787 1805 fuerit
812 1743 923 1819 nobis,
954 1742 1110 1825 praedicti
1132 1748 1284 1824 quatuor

333 1842 479 1915 barones
507 1841 655 1904 reserent
686 1859 826 1904 causam
855 1840 951 1904 illam
980 1841 1024 1904 ad
1056 1841 1210 1904 residuos
1238 1841 1282 1906 de

333 1941 401 2002 illis
426 1939 550 2021 viginti
581 1940 731 2021 quinque
762 1939 964 2018 baronibus;
998 1946 1032 2002 et
1056 1940 1109 2004 illi
1132 1942 1281 2004 barones

333 2058 409 2101 curn
432 2058 613 2101 communa
633 2039 742 2101 totius
759 2045 861 2101 terrae
876 2038 1084 2120 distringerit
1101 2045 1136 2101 et
1152 2054 1281 2120 grava·-

332 2139 418 2201 bunt
444 2157 507 2200 nos
530 2137 640 2199 modis
663 2137 820 2200 omnibus
843 2137 967 2218 quibus
989 2144 1163 2219 poterunt,
1186 2137 1282 2200 scili-

332 2245 388 2299 cet
410 2255 473 2318 per
494 2237 687 2318 captionem
711 2243 914 2313 castrorum,
938 2244 1119 2313 terrarum,
1144 2255 1282 2317 possesa

333 2335 480 2411 sionum,
512 2341 546 2397 et
574 2335 651 2396 aliis
676 2335 786 2398 modis
810 2335 936 2415 quibus
959 2335 1146 2417 potuerint,
1170 2334 1282 2398 donec

330 2432 433 2497 fuerit
463 2432 678 2496 emendatum
715 2433 901 2496 secundnm
937 2434 1116 2497 arbitrium
1148 2438 1279 2513 eorum,
1371 2470 1377 2479 ·

330 2533 428 2596 salva
450 2551 597 2614 persona
612 2537 742 2609 nostra,
758 2539 793 2595 et
805 2533 933 2611 reginae
951 2538 1092 2610 nostrae,
1106 2539 1141 2595 et
1154 2532 1279 2596 libero-

332 2650 406 2693 rum
430 2638 648 2707 nostrorum3
675 2635 722 2705 ct,
745 2648 822 2692 cum
845 2629 948 2694 fuerit
971 2629 1202 2707 emendatum,
1226 2632 1280 2695 in-

330 2729 471 2791 tendent
481 2730 591 2804 nobis,
608 2728 698 2791 sicut
711 2729 806 2808 prius
823 2728 988 2792 fecerunt.
1014 2729 1059 2791 Et
1070 2728 1279 2810 quicumque

331 2827 480 2890 voluerit
495 2827 537 2889 de
557 2836 650 2890 terra
661 2826 768 2908 juret,
790 2828 882 2908 quod
906 2826 949 2889 ad
972 2826 1141 2908 praedicta
1160 2829 1278 2893 omnia

329 2925 548 3005 exsequenda
565 2924 878 3007 parebitmandatis
895 2924 1137 3007 praedictorum
1148 2927 1277 3008 viginti
1308 2973 1310 2977 ψ

330 3024 481 3104 quinque
513 3024 692 3099 baronum,
724 3030 759 3086 et
787 3021 879 3104 quod
918 3025 1079 3105 gravabit
1089 3046 1097 3057 ¹*
1112 3042 1174 3087 nos
1209 3045 1276 3107 pro

329 3142 431 3203 posse
453 3141 516 3185 suo
547 3143 624 3185 cum
657 3122 765 3203 ipsis3
799 3128 834 3184 et
857 3141 920 3185 nos
946 3123 1085 3205 publice.
1111 3130 1146 3186 et
1169 3122 1277 3189 libere

328 3220 451 3284 damus
472 3223 645 3286 licentiam
663 3220 805 3303 jurandi
827 3221 979 3299 cuilibet,
1001 3221 1060 3302 qui
1075 3221 1196 3304 jurare
1213 3243 1276 3287 vo·

236 3397 239 3401 ,
328 3320 443 3398 luerit,
479 3328 515 3384 et
544 3320 630 3383 nulli
660 3333 816 3400 ‘unquam
846 3320 965 3403 jurare
1008 3320 1274 3401 prohibebimus.

330 3418 458 3482 Omnes
480 3426 595 3498 antem
611 3419 689 3481 illos
709 3418 750 3480 de
769 3425 860 3481 terra
878 3428 1008 3495 nostra,
1027 3419 1087 3501 qui
1109 3439 1222 3501 perse
1238 3428 1275 3485 et

330 3525 453 3599 sponte
475 3538 539 3581 sua
561 3517 733 3581 voluerint
750 3517 869 3600 jurare
892 3517 1015 3599 viginti
1038 3518 1190 3599 quinque
1213 3519 1276 3582 ba·

329 3617 470 3679 ronibus
501 3618 543 3680 de
577 3615 811 3695 distringendo
843 3634 907 3679 nos
935 3625 970 3680 et
998 3617 1176 3697 gravando
1210 3637 1276 3682 nos

328 3733 404 3777 cum
437 3716 499 3792 eis,
531 3715 696 3779 faciemus
725 3713 844 3796 jurare
867 3714 1010 3778 eosdem
1040 3714 1082 3777 de
1110 3716 1275 3781 mandato

329 3819 459 3889 nostro,
473 3815 562 3877 sicut
578 3813 778 3896 praedictum
794 3820 859 3876 est.
912 3813 955 3877 In
978 3813 1135 3876 omnibus
1157 3822 1275 3879 autern

327 3912 416 3988 istis,
438 3931 516 3994 quae
542 3913 618 3974 isti's
644 3911 768 3993 viginti
794 3912 944 3994 quinque
968 3913 1153 3976 baronibus
1179 3932 1274 3977 corn·

326 4012 510 4074 mittuntur
528 4010 760 4092 exsequenda,
782 4011 812 4072 si
827 4011 915 4074 forte
938 4011 973 4073 in
996 4012 1112 4093 aliquo
1129 4011 1220 4075 inter
1235 4033 1274 4078 se

325 4108 607 4186 discordaverint,
626 4110 680 4174 vel
698 4108 803 4189 aliqui
822 4131 864 4173 ex
883 4111 933 4174 eis
950 4111 1138 4175 submoniti
1153 4112 1273 4177 nolue-
