2858 4876
345 393 410 458 roz
605 407 738 455 nocsru
764 408 811 454 nn
834 406 1042 454 wnunovuo

184 577 238 616 nn.
249 577 306 615 1200.
341 569 421 653 jure
445 588 521 641 suo,
549 575 584 632 et
606 573 728 649 postea
751 567 886 650 Juravit
911 568 943 630 ei
968 567 1168 633 fidelitatem
1192 587 1297 649 super

184 628 256 666 Burtal
266 627 289 665 or

184 678 256 726 Hugh,

183 729 257 775 binlmp
266 725 290 764 oi

183 778 278 817 Liueoln.

346 689 481 733 crucem
501 668 665 744 Huberti,
685 665 946 731 Cantuariensis
970 667 1232 750 archiepiscopi,
1255 667 1298 731 de

346 770 420 834 vita
437 777 472 833 et
489 761 649 832 membris
669 775 705 831 et
722 767 851 831 honore
868 775 1017 844 terreno,
1034 777 1156 833 contra
1177 788 1296 832 omnes

346 869 513 946 homines,
543 888 659 932 coram
682 869 816 932 cunctis
838 869 1059 950 magnatibus
1086 868 1196 951 regni.
1250 869 1296 932 Et

346 963 480 1033 eodem¹
501 969 556 1033 die
572 968 742 1051 perlatum
762 974 815 1031 est
832 967 957 1031 ibidem
975 988 1100 1051 corpus
1119 970 1298 1032 sanctissi-

347 1071 393 1133 mi
412 1069 576 1151 Hugonis
592 1068 744 1151 episcopi
761 1066 1000 1131 tumulandum
1014 1089 1022 1148 ;
1043 1069 1098 1133 cui
1115 1089 1295 1133 occurren-

348 1179 400 1235 tes
418 1190 516 1251 reges
535 1168 714 1232 memorati
732 1175 768 1232 et
788 1175 858 1231 tres
879 1168 1139 1251 archiepiscopi,
1157 1169 1297 1233 Huber-

347 1279 404 1334 tus
422 1270 582 1336 videlicet
598 1267 871 1345 Cantuariensis,
890 1267 1080 1333 Gaufridus
1103 1270 1299 1334 Eboracen·

348 1372 396 1434 sis
419 1379 454 1435 et
470 1369 668 1434 Bernartius
690 1361 919 1449 ²Raguensis‚
941 1388 1019 1432 cum
1042 1371 1204 1433 tredecim
1225 1370 1297 1452 epi-

349 1472 476 1554 scopis,
504 1471 687 1536 comitibus
714 1477 749 1532 et
778 1468 977 1547 baronibus,
1002 1477 1038 1534 et
1061 1471 1194 1534 clericis
1222 1470 1299 1533 infi-

348 1572 443 1648 nitis,
471 1590 597 1654 corpus
626 1569 880 1633 sanctissimum
910 1579 1163 1652 susceperunt3
1205 1570 1298 1653 quod
1363 1581 1366 1587 “

347 1671 416 1754 ipsi
441 1692 540 1753 reges
563 1690 641 1734 cum
665 1669 848 1733 comitibus
871 1677 906 1734 et
926 1671 1061 1734 caeteris
1084 1670 1297 1754 principibus

348 1778 575 1853 portaverunt
606 1771 642 1834 in
675 1770 824 1833 humeris
854 1770 927 1833 suis
958 1790 1067 1853 usque
1095 1772 1139 1836 ad
1172 1773 1298 1836 atrium

349 1871 556 1936 cathedralis
572 1871 738 1935 ecclesiae.
792 1867 848 1932 Ad
867 1870 992 1934 ostium
1010 1880 1124 1936 autem
1143 1872 1298 1936 ecclesiae

348 1980 574 2055 susceperunt
605 1971 690 2034 illud
722 1970 971 2052 archiepiscopi
999 1971 1136 2053 praefati
1165 1979 1200 2036 et
1228 1973 1300 2055 epi-

348 2073 457 2154 scopi,
475 2080 510 2137 et
528 2073 578 2136 sic
600 2090 662 2154 per
683 2071 909 2134 ministerium
935 2073 1157 2153 praelatorum
1184 2073 1299 2156 perla-

348 2179 421 2234 tum
450 2180 637 2254 estusque
664 2171 817 2247 chorum,
845 2169 904 2234 ubi
931 2179 984 2236 est
1009 2171 1195 2238 honorifice
1220 2194 1297 2256 per-

348 2279 538 2336 noctatum.
578 2271 720 2335 Solebat
735 2279 851 2336 autem
868 2271 1026 2353 pontifex
1045 2282 1198 2352 sanctus,
1216 2274 1298 2337 dum

349 2373 493 2450 viveret,
518 2373 553 2436 in
577 2372 722 2435 mortuis
744 2371 949 2453 sepeliendis
970 2380 1041 2437 tam
1064 2373 1211 2456 diligens
1235 2374 1298 2437 bu-

349 2473 526 2537 manitatis
543 2471 693 2537 officium
714 2472 888 2548 exhibere,
912 2479 952 2536 ut
969 2470 1102 2536 nullum
1124 2482 1299 2539 mortuum

348 2574 552 2655 praeteriret,
591 2571 692 2655 cujus
735 2572 924 2655 sepulturae
966 2573 1194 2638 ministerium
1232 2575 1298 2638 sibi

348 2680 546 2756 competens
567 2673 765 2751 videretur3
797 2672 888 2735 unde
911 2672 1094 2752 DominuS,
1117 2677 1298 2757 quinovit

348 2774 574 2837 retributione
613 2773 785 2855 condigna
817 2772 993 2856 justorum
1030 2776 1154 2840 merita
1184 2761 1298 2839 remu-

349 2892 482 2950 nerare,
514 2881 584 2937 tam
622 2873 856 2937 honorabilem
889 2873 920 2936 ei
953 2875 1111 2940 exhihuit
1144 2877 1299 2958 sepultu-

348 2993 435 3050 ram,
466 2981 505 3037 ut
539 2973 704 3036 honorem
736 2973 834 3037 illum
867 2975 1068 3039 retribuisse
1096 2976 1298 3058 supradicto

349 3075 472 3138 merito
498 3075 670 3137 videatur.
722 3071 816 3137 Ante
842 3093 927 3137 sane
953 3075 1019 3139 viri
1049 3077 1116 3140 Dei
1142 3076 1298 3158 sepultu-

348 3193 434 3252 ram,
460 3176 541 3238 dum
564 3194 627 3256 pro
658 3193 700 3237 eo
724 3175 881 3256 exequiae
909 3182 1122 3239 mortuorum
1154 3195 1299 3258 ageren-

348 3280 406 3337 tur
436 3282 471 3338 et
501 3276 576 3357 ipse
608 3294 703 3337 more
732 3273 934 3356 pontificum
964 3275 1183 3360 discooperta
1210 3277 1299 3341 facie

342 3373 487 3457 jaceret,
510 3375 648 3438 mitram
671 3374 801 3438 habens
822 3375 1003 3458 incapite,
1023 3376 1238 3442 chirothecas
1260 3379 1297 3442 in

347 3475 516 3550 manibus,
542 3475 706 3537 annulum
728 3476 764 3538 in
786 3475 909 3556 digito,
929 3495 1007 3540 cum
1024 3477 1160 3542 caeteris
1182 3479 1297 3560 ponti-

346 3573 503 3638 ficalibus
542 3574 766 3651 ornamentis,
804 3574 902 3638 miles
942 3576 1083 3658 quidam
1119 3579 1297 3642 canonicis

383 3755 494 3802 ¹Eodem
504 3752 565 3816 dm]
584 3753 707 3803 Hoveden
717 3768 776 3814 says
788 3754 808 3802 it
834 3754 855 3802 it
876 3755 899 3803 is
921 3771 983 3817 very
1002 3757 1156 3820 improbable
1173 3757 1229 3808 that
1245 3774 1296 3822 any

345 3837 401 3872 was
412 3838 444 3872 on
455 3824 496 3872 the
511 3823 555 3871 9th
566 3823 595 3872 of
603 3823 645 3872 the
662 3823 769 3873 kalends
782 3824 811 3872 oi
834 3825 985 3888 arobbishop
996 3827 1025 3876 of
1039 3829 1152 3890 Regum,
1166 3828 1208 3879 tbe
1226 3844 1298 3880 near-

345 3892 487 3943 December
504 3893 548 3958 (23
560 3890 650 3954 Non),
665 3909 691 3955 p.
703 3898 760 3944 812.
833 3899 872 3943 est
893 3910 966 3945 name
989 3901 1015 3946 to
1034 3896 1077 3947 the
1099 3898 1183 3958 Latin,
1205 3900 1297 3950 should

379 3960 580 4028 'sagunnam
611 3964 644 4012 So
674 3964 807 4025 Horeden,
832 3965 896 4015 have
921 3967 984 4016 been
1011 3967 1071 4017 here
1100 3972 1127 4017 at
1148 3970 1204 4019 that
1225 3972 1295 4022 time.

343 4033 402 4082 who
419 4036 568 4084 substitutes
588 4033 627 4082 for
643 4033 763 4096 Geoffrey
781 4034 810 4083 of
831 4034 912 4083 There
934 4052 1001 4085 were
1031 4038 1168 4100 Bernards,
1195 4041 1295 4090 archbi-

343 4104 424 4165 York,
435 4105 514 4163 John,
527 4103 678 4164 archbisbop
690 4103 719 4151 of
732 4104 805 4152 Dub·
831 4104 909 4166 shops
921 4106 950 4154 of
964 4107 1062 4168 Reggio
1080 4107 1130 4156 and
1148 4110 1295 4171 Narbonne‚

342 4174 387 4223 lin.
399 4175 495 4224 Wbois
503 4173 623 4222 intended
632 4174 665 4234 by
673 4173 804 4236 ‘Regnen-
831 4175 857 4222 in
868 4175 910 4224 the
923 4177 1038 4226 eleventh
1050 4183 1164 4242 century,
1176 4180 1223 4229 but
1233 4182 1293 4229 both

342 4243 803 4306 sis‘appearsdifficulttodetermine;
830 4244 889 4293 died
901 4245 986 4295 before
998 4252 1070 4298 12⁰0.
1129 4297 1132 4302 ,
