2858 4876
427 408 567 457 rnonns
591 410 858 459 ursromunuu.
1050 397 1113 461 151

203 641 252 706 Du
258 639 482 726 praeduotiooo
497 641 674 721 Eustachii,
691 641 811 709 obbatis
823 643 861 709 da
874 643 967 724 Fici,
983 664 1076 730 sapor

474 743 622 809 mundato
636 752 809 809 minucio.

217 861 323 932 Cum¹
347 874 463 932 autom
482 868 680 950 patriarcba
697 874 732 931 et
748 867 861 932 clerus
882 869 993 933 omnis
1012 876 1114 933 terrae
1127 885 1251 976 affici.

166 974 297 1032 sanctae
320 967 410 1031 bunc
431 967 586 1050 epistolae
608 975 762 1031 tenorem
784 968 967 1050 diligenter
983 987 1221 1033 exemi-abutor

168 1074 311 1131 nassent
331 1075 368 1131 et
390 1069 496 1132 verba
517 1066 843 1132 cumadmiratione
865 1068 995 1150 pariter
1016 1076 1052 1132 et
1070 1069 1113 1133 ti·
1126 1037 1249 1126 iiiiii
1249 1046 1264 1075 ¹¹

168 1186 262 1231 more
285 1167 551 1243 intellexissent,
573 1167 746 1231 communi
769 1167 921 1231 omnium
947 1168 1114 1232 delibera·

169 1265 262 1331 tione
283 1265 459 1330 decretum
478 1272 543 1343 ost,
560 1274 599 1330 ut
622 1267 769 1349 epistola
786 1268 830 1331 ad
848 1267 1019 1351 judicium
1041 1267 1114 1331 Ro·

168 1366 260 1430 mani
289 1366 464 1449 pontificis
489 1366 791 1445 transmitteretur,
813 1373 996 1448 quatenus
1019 1369 1115 1450 quic-

168 1465 250 1548 quid
267 1465 343 1549 ipse
362 1466 534 1548 agendum
554 1465 756 1544 decreverit,
776 1467 914 1549 placeat
932 1468 1114 1533 universis

170 1565 326 1649 Cumque
345 1565 485 1630 tandem
510 1566 658 1648 epistola
679 1566 723 1630 ad
746 1567 876 1632 domini
901 1585 1001 1650 papae
1025 1568 1116 1632 noti·

168 1666 252 1730 tiam
276 1666 500 1749 pervenisset,
524 1667 688 1729 continuo
712 1667 955 1748 praedicatores
980 1668 1116 1731 ordina-

169 1766 231 1843 vit,
253 1765 314 1848 qui
335 1785 398 1848 per
413 1766 568 1830 diversas
587 1765 706 1829 mundi
729 1774 846 1849 partes
866 1766 1010 1848 proiecti
1029 1787 1115 1850 prae-

169 1864 373 1930 dicaverunt
413 1866 540 1947 ubique
576 1865 732 1946 epistolae
764 1873 930 1943 tenorem,
965 1866 1116 1932 Domino

169 1971 377 2047 cooperante
398 1973 435 2029 et
457 1985 650 2029 sermonem
672 1985 789 2029 eorum
816 1966 1041 2030 confirmante
1062 1987 1116 2030 se·

169 2064 355 2148 quentibus
374 2065 505 2146 signis3
528 2067 619 2129 inter
641 2085 728 2148 quos
751 2067 857 2129 abbas
879 2066 922 2128 dc
946 2066 1036 2142 Flai,
1055 2085 1117 2129 no-

170 2165 262 2228 mine
284 2163 506 2242 EustachiuS,
521 2166 575 2229 vir
596 2165 779 2246 religiosus
802 2173 836 2229 et
858 2165 985 2228 literali
1008 2166 1118 2228 scien-

171 2265 220 2328 tia
243 2264 411 2341 cruditus,
439 2283 584 2346 regnum
610 2264 749 2344 Angliae
771 2283 968 2345 aggressus,
999 2265 1118 2328 multis

170 2363 295 2428 ibidem
324 2364 499 2428 miraculis
534 2364 743 2441 coruscavit,
775 2367 835 2447 qui
868 2383 937 2427 non
970 2364 1073 2445 longe
1096 2383 1118 2427 a

172 2464 315 2528 civitate
343 2463 600 2528 Dorobcrnensi
629 2463 807 2546 appulsus,
841 2464 877 2526 in
911 2463 1005 2540 villa,
1039 2483 1118 2544 quae

171 2563 231 2629 Wi
261 2562 468 2646 appellatur,
500 2561 647 2628 officium
679 2563 935 2645 praedicationis
965 2564 1117 2644 incepit;

172 2683 319 2746 cumque
339 2663 469 2727 fontem
493 2664 664 2745 quendam
686 2663 811 2726 ibidem
833 2663 1023 2740 benedixit,
1046 2663 1120 2728 Do·

171 2764 286 2827 minus
309 2763 419 2845 ipsius
449 2763 582 2827 meritis
607 2770 739 2826 tantam
767 2764 802 2826 in
825 2783 867 2826 eo
892 2762 1019 2826 inludit
1041 2783 1121 2843 gra·

173 2863 268 2940 tiam,
285 2869 337 2940 ut,
356 2882 401 2926 ex
421 2862 495 2926 solo
515 2862 608 2925 illius
631 2870 747 2944 gustu,
765 2863 848 2925 caeci
863 2864 988 2939 visum,
1007 2862 1120 2926 claudi

173 2982 341 3045 gressum,
363 2962 451 3026 muti
476 2961 662 3045 loquelam,
688 2969 723 3026 et
745 2962 841 3024 surdi
868 2962 1002 3026 caelitus
1027 2982 1121 3026 rece·

173 3070 299 3145 petunt
318 3061 488 3141 auditum,
510 3069 545 3126 ct
563 3063 707 3144 quilibet
728 3061 851 3124 debilis
867 3081 911 3124 ex
931 3061 1027 3125 sonte
1044 3081 1121 3125 cum

174 3161 300 3226 fiducia
328 3162 449 3226 bibens
477 3162 618 3244 gavisus
643 3168 697 3224 est
724 3179 762 3224 se
793 3162 964 3243 recepisse
992 3161 1122 3225 sanita-

177 3268 258 3326 tem.
309 3260 420 3325 Venit
440 3262 559 3345 itaque
585 3261 629 3324 ad
658 3281 736 3324 eum
757 3260 880 3324 mulier
906 3260 1078 3342 quaedam,
1102 3280 1124 3324 a

175 3361 389 3427 daemonibus
422 3361 563 3424 obsessa
588 3368 624 3424 et
652 3362 752 3442 quasi
784 3360 972 3444 hydropico
1005 3360 1124 3424 morbo

175 3460 311 3537 inflata,
333 3467 455 3543 petens
474 3461 518 3524 ab
534 3479 575 3524 eo
590 3460 657 3523 sibi
679 3461 815 3523 restitui
838 3459 1021 3523 sanitatem
1037 3479 1046 3536 3
1070 3460 1126 3524 cui

175 3560 244 3637 illc,
266 3559 435 3625 ‘Confido
450 3559 523 3622 filia
543 3566 578 3623 et
594 3559 682 3623 vade
705 3558 748 3622 ad
772 3560 946 3623 natatoria
961 3558 1067 3622 fontis
1084 3560 1126 3623 de

175 3659 248 3738 Wi,
273 3679 376 3742 quem
408 3657 586 3722 benedixit
614 3658 798 3737 Dominus,
827 3666 863 3722 et
889 3659 968 3722 bibe
999 3679 1044 3721 ex
1074 3679 1127 3736 eo,

177 3766 213 3824 et
240 3759 387 3841 recipies
418 3757 511 3822 illico
541 3755 767 3840 sospitatem!
823 3757 922 3822 Abiit
946 3757 1068 3821 mulier
1094 3765 1129 3822 et

172 3859 278 3944 juxta
300 3859 367 3923 viri
394 3857 462 3922 Dei
489 3858 621 3921 monita
648 3858 745 3933 bibit,
777 3866 881 3940 atque
907 3859 1066 3940 protinus
1093 3859 1129 3922 in

137 3982 140 3986 “
175 3960 345 4025 vomitum
372 3957 556 4041 prorupit;
590 3958 649 4020 ubi
675 3959 823 4035 cunctis,
846 3958 906 4039 qui
932 3958 975 4021 ad
1001 3958 1128 4021 fontem

213 4128 221 4159 ¹
235 4134 299 4181 Cum
309 4133 388 4180 cutem
398 4129 569 4193 patriarcba]
588 4130 643 4178 Ho·
669 4130 736 4178 recle
754 4128 875 4178 recorded
889 4130 922 4191 by
934 4130 977 4179 the
993 4144 1061 4179 same
1073 4130 1131 4177 wri-

178 4202 269 4264 reden,
285 4218 313 4264 p.
326 4204 375 4249 804
384 4215 392 4261 ;
410 4201 464 4249 also
481 4215 524 4250 see
541 4200 583 4249 the
599 4201 645 4248 mi·
671 4205 718 4262 ter,
729 4215 754 4260 p.
766 4204 822 4249 821.
