2858 4876
155 569 209 608 A.D.
221 569 278 610 1213.

156 3567 218 3604 Form
227 3565 252 3604 ol

154 3616 168 3654 J
169 3613 229 3654 ohn’r
238 3615 275 3653 ho·

154 3727 215 3766 polle·

315 377 381 442 254
565 395 699 442 noennr
724 394 770 441 nn
794 394 1001 443 wnunovun

314 552 522 630 stabilimus,
546 560 586 618 ut
604 554 647 616 de
665 552 814 636 propriis
839 559 875 616 et
898 552 1106 636 specialibus
1128 552 1268 618 redditi-

315 653 380 716 bus
410 653 537 717 nostris
569 652 812 736 praedictorum
845 672 1040 734 regnorum,
1076 672 1140 736 pro
1173 656 1267 718 omni

314 753 457 817 servitio
487 760 522 817 et
545 753 805 829 consuetudine,
829 745 926 834 ¹quae
952 772 1015 834 pro
1039 753 1125 834 ipsis
1152 753 1267 818 facere

315 851 489 930 debemus,
512 853 619 917 salvis
642 873 704 935 per
725 851 841 917 omnia
863 851 1014 916 denariis
1036 853 1130 918 beati
1157 853 1267 929 Petri,

315 952 463 1016 ecclesia
478 952 639 1016 Romana
652 953 746 1016 mille
762 970 897 1017 marcas
910 952 1173 1034 esterlingorum
1191 973 1268 1035 per-

315 1052 421 1134 cipiat
438 1053 630 1130 annuatim,
651 1052 688 1116 iu
711 1051 800 1117 festo
815 1051 947 1116 scilicet
960 1052 1074 1116 sancti
1083 1052 1268 1118 Michaelis

315 1151 524 1233 quingentas
538 1170 673 1215 marcas
694 1152 777 1215 etin
792 1150 929 1215 Pascha
946 1152 1167 1234 quingentas,
1190 1172 1267 1235 sep-

316 1251 492 1332 tingentas
514 1251 647 1315 scilicet
668 1270 732 1333 pro
755 1271 863 1332 regno
879 1250 1020 1332 Angliae
1042 1257 1078 1315 et
1094 1258 1268 1316 trecentas

315 1370 379 1432 pro
407 1371 514 1433 regno
542 1350 741 1430 Hiberniae3
772 1351 879 1416 salvis
900 1349 999 1415 nobis
1022 1357 1058 1414 et
1073 1350 1268 1416 haeredibus

316 1451 444 1514 nostris
457 1450 617 1533 justitiis,
633 1451 852 1514 libertatibus
875 1458 910 1515 et
925 1451 1101 1532 regalibus
1124 1452 1266 1515 nostris.

317 1547 407 1626 Quae
428 1551 555 1627 omnia,
578 1549 669 1615 sicut
691 1569 797 1632 supra
819 1550 950 1631 scripta
971 1558 1065 1627 sunt,
1088 1558 1166 1614 rata
1191 1570 1268 1616 esse

316 1648 472 1713 volentes
497 1656 603 1733 atque
628 1649 739 1726 firma,
761 1649 956 1731 obligamus
980 1669 1044 1713 nos
1069 1658 1104 1714 ct
1128 1669 1268 1716 succes·

317 1767 412 1813 sores
424 1756 561 1813 nostros
576 1756 699 1814 contra
711 1769 781 1813 non
794 1749 911 1815 venire
923 1770 931 1829 ;
955 1755 1002 1826 et,
1016 1750 1046 1812 si
1058 1769 1121 1814 nos
1134 1750 1190 1814 vel
1202 1752 1266 1814 ali-

318 1848 395 1929 quis
407 1868 645 1914 successorum
660 1856 856 1913 nostrorum
871 1856 992 1913 contra
1005 1849 1079 1913 haec
1094 1857 1268 1915 attentare

316 1949 588 2032 praesumpserit,
600 1949 797 2033 quicunque
810 1949 869 2013 ille
880 1948 995 2025 fuerit,
1012 1948 1081 2013 nisi
1095 1949 1161 2013 rite
1176 1969 1268 2014 com-

317 2049 468 2113 monitus
491 2049 685 2131 resipuerit,
710 2048 812 2114 cadat
834 2068 857 2113 a
871 2048 950 2133 jure
973 2049 1082 2130 regni.
1129 2049 1175 2114 Et
1191 2049 1267 2115 haec

317 2147 437 2219 charta
461 2148 684 2230 obligationis
715 2156 750 2213 et
774 2149 1007 2213 concessionis
1029 2156 1157 2213 nostrae
1179 2169 1270 2214 sem·

317 2268 378 2330 per
393 2248 491 2311 firma
505 2254 717 2330 permaneat.
751 2247 857 2312 Teste
871 2249 1003 2331 meipso
1018 2248 1111 2330 apud
1126 2248 1266 2318 domum

316 2347 464 2411 militum
479 2347 615 2431 Templi
634 2348 740 2432 juxta
756 2347 945 2424 Doverem,
962 2367 1080 2412 coram
1098 2347 1267 2427 Henrico,

319 2447 525 2514 Dublinensi
552 2448 823 2532 archiepiscopo,
846 2446 870 2511 J
874 2447 1021 2523 ohanne,
1050 2447 1268 2513 Norwicensi

317 2548 492 2632 episcopo,
520 2547 680 2612 Galfrido
709 2547 908 2624 filio-Petri,
931 2547 1108 2612 Wiilelmo
1140 2551 1267 2613 comite

317 2647 531 2724 Saresbiriae,
546 2648 722 2713 Willelmo
751 2648 874 2712 comite
901 2647 1070 2724 Penbroc‚
1098 2647 1267 2729 Reginal-

316 2747 361 2810 do
384 2747 509 2811 comite
532 2747 712 2824 Bononiae,
729 2747 906 2811 Willelmo
933 2746 1058 2810 comite
1079 2747 1269 2824 Warenne,

317 2845 449 2910 Sabero
465 2846 590 2910 comite
601 2847 760 2923 Winton,
774 2846 952 2911 Willclmo
963 2847 1087 2910 comite
1098 2843 1269 2924 Arundel,

317 2945 494 3010 Willelmo
509 2946 633 3011 comite
650 2947 692 3011 de
712 2947 892 3023 Ferrariis,
903 2946 1081 3011 Willelmo
1102 2946 1268 3021 Briwere‚

319 3044 425 3109 Petro
452 3045 739 3124 tilio-Hereberti,
759 3046 907 3111 Warino
932 3044 1176 3123 filio-Geroldi,
1208 3067 1267 3110 xv.

317 3144 373 3208 die
387 3144 487 3223 Maii,
503 3165 593 3210 anno
610 3147 708 3227 regni
725 3146 835 3209 nostri
850 3145 982 3210 decimo
997 3144 1145 3228 quarto?

338 3318 388 3382 Da
400 3317 538 3404 bomnpio
551 3318 631 3406 repis
644 3318 799 3382 ¹lobannis
805 3318 897 3402 sacto
905 3340 1000 3404 papa
1015 3320 1193 3385 Innocentio
1209 3331 1237 3385 ot

639 3418 767 3484 ecclesio
784 3419 941 3482 Ronnnae.

368 3543 499 3608 Charta
531 3544 650 3626 itaque
679 3544 772 3626 regis
799 3543 836 3607 iu
864 3542 1042 3625 scriptum,
1067 3547 1108 3605 ut
1138 3542 1268 3607 dictum

68 3687 73 3698 ι
155 3665 293 3714 maranatha
317 3650 382 3720 est,
392 3644 543 3719 redacta,
559 3642 702 3707 tradidit
719 3663 795 3708 eam
810 3663 873 3707 rex
892 3639 1100 3723 Paudulpho
1119 3641 1269 3706 Romam

316 3762 417 3826 papae
436 3742 641 3806 innocentio
660 3742 890 3818 deserendam,
911 3752 946 3805 et
966 3741 1142 3816 continuo,
1163 3760 1269 3807 cunc·

316 3843 362 3906 tis
372 3842 579 3919 videntibus,
588 3840 786 3923 homagium
796 3840 877 3905 fecit
886 3841 1135 3923 subscriptum
1154 3833 1268 3924 ²‘Ego

350 4041 356 4071 ¹
369 4038 454 4112 Qun]
475 4045 569 4096 ‘Quod
579 4046 778 4104 deberemus,
836 4035 1065 4110 π1ῑςο]ο1ιιιιυιεε.]
1083 4041 1187 4104 Rymer,
1206 4043 1224 4092 i.
1239 4059 1266 4105 p.

313 4115 383 4164 salvo
410 4130 456 4176 per
477 4117 560 4165 omnia
581 4115 685 4165 denario
710 4115 778 4164 beati
802 4118 858 4165 112.

313 4186 384 4235 Petri
392 4181 409 4247 ;'
426 4186 527 4248 Rymer.
