2858 4876
310 390 376 456 290
550 403 683 452 uocum
708 403 755 450 uu
778 401 986 451 wuuuovun
1064 388 1068 392 ’

156 577 276 668 ⁸'⁰i¹f›}⁴'
314 584 377 629 rex
403 563 614 629 Francorum
639 562 855 628 adversarios
884 561 1148 643 adcampestre
1178 577 1269 640 prae-

154 630 255 721 ffir-
315 663 399 729 lium
417 663 490 728 fore
505 671 658 746 paratos,
674 664 781 748 jussit
801 669 951 746 pontem,
974 661 1034 743 qui
1051 679 1074 724 a
1090 666 1190 740 tergo
1212 657 1269 720 sui

317 765 492 828 exercitus
515 774 603 840 erat,
622 764 850 846 confringere,
865 770 917 840 ut,
932 763 963 826 si
984 762 1074 827 forte
1093 758 1202 841 aliqui
1223 756 1268 821 de

318 864 473 928 exercitu
497 884 560 928 suo
582 863 701 945 fugam
724 864 811 928 inire
836 867 1080 946 proponerent,
1104 878 1173 941 quo
1199 857 1268 920 nisi

317 964 353 1027 iu
367 962 483 1028 hostes
498 962 667 1046 fugerent,
683 983 752 1028 non
770 962 947 1027 baberent.
979 959 1164 1026 Remansit
1177 957 1269 1022 idem

318 1082 393 1140 rex,
416 1062 595 1146 dispositis
625 1064 763 1127 aciebus
790 1063 880 1128 infra
912 1062 1078 1126 ambitum
1106 1059 1269 1140 bigarum

318 1181 458 1227 suarum
487 1171 521 1227 et
542 1163 801 1246 quadrigarum,
825 1164 915 1226 sicut
941 1159 1176 1244 supradictum
1201 1166 1268 1234 est,

318 1263 487 1327 insultum
504 1262 779 1327 adversariorum
802 1281 943 1327 suorum
961 1256 1104 1324 ¹ibidem
1124 1277 1270 1340 exspec-

319 1372 410 1427 tans
443 1362 537 1441 Quid
552 1365 673 1427 moral
692 1363 987 1445 perstrepentibus
1000 1358 1171 1425 hincinde
1184 1360 1269 1423 buc·

320 1463 418 1539 cinis,
430 1463 533 1538 acieS,
545 1463 601 1526 cui
610 1463 753 1527 comites
767 1462 956 1544 supradicti
972 1465 1156 1544 praeerant,
1166 1465 1268 1523 tauto

319 1562 449 1643 impetu
472 1563 563 1626 acies
586 1563 799 1627 Francorum
818 1563 954 1645 irrupit,
971 1570 1024 1637 ut,
1042 1561 1079 1623 in
1093 1565 1269 1623 momento

321 1661 515 1743 agminibus
531 1682 649 1726 corum
664 1663 796 1741 divisis,
811 1682 923 1746 usquc
939 1662 984 1726 ad
1004 1660 1190 1725 stationem
1214 1678 1269 1721 re·

320 1762 374 1843 gis
391 1762 604 1826 Francorum
625 1769 857 1845 penetrarent.
906 1761 954 1826 At
969 1780 1084 1826 comes
1101 1759 1271 1842 Reginal·

321 1861 398 1939 dus,
414 1855 492 1925 cum
509 1883 637 1944 regem,
649 1864 709 1945 qui
725 1864 838 1946 ipsum
854 1861 1113 1926 exhaeredatum
1125 1879 1148 1924 a
1161 1860 1270 1924 comi·

321 1968 399 2026 tatu
414 1981 477 2026 suo
494 1963 687 2045 expulerat,
709 1964 940 2045 cognovisset,
962 1961 1119 2026 lanceam
1141 1959 1271 2023 direxit

322 2061 358 2123 in
381 2082 472 2138 eum,
496 2081 681 2145 regemque
705 2063 741 2126 iu
764 2070 892 2126 terram
915 2068 1127 2144 prostratum
1152 2058 1271 2142 gladio

321 2160 513 2225 interficere
529 2163 727 2244 satagebat3
751 2162 811 2226 sed
828 2162 927 2225 miles
943 2161 1095 2244 quidam,
1109 2160 1169 2242 qui
1191 2179 1272 2224 cum

320 2259 398 2323 aliis
416 2261 459 2324 ad
476 2262 568 2342 regis
585 2262 776 2327 custodiam
794 2263 907 2326 fuerat
921 2262 1118 2342 deputatus,
1142 2260 1272 2324 ictibus

321 2358 404 2424 dicti
428 2361 562 2424 comitis
590 2382 628 2425 se
656 2381 833 2444 opponens
856 2381 920 2445 pro
951 2381 1035 2442 rege
1067 2359 1271 2424 interfectus

320 2462 492 2525 occubuit.
546 2460 712 2526 Videntes
742 2470 857 2527 autem
891 2462 1117 2543 Francigenae
1152 2479 1272 2541 regern

321 2579 422 2623 suum
443 2566 667 2642 prostratum,
699 2568 918 2626 accesserunt
951 2580 1031 2624 cum
1060 2561 1193 2643 impetu
1226 2559 1272 2623 ad

321 2679 492 2724 eumcum
511 2680 695 2726 numerosa
711 2663 857 2725 militum
874 2659 1105 2737 multitudine,
1122 2667 1170 2738 et,
1187 2660 1271 2725 licet

321 2778 399 2822 cum
413 2761 542 2837 labore,
559 2781 649 2843 equo
660 2781 723 2826 suo
734 2762 832 2825 illum
845 2762 1056 2840 restituuut3
1080 2780 1149 2843 quo
1164 2760 1272 2837 facto,

320 2859 448 2923 bellum
466 2860 665 2924 accenditur
688 2861 884 2943 utrobique,
907 2880 1006 2925 enses
1023 2860 1124 2943 quasi
1138 2859 1271 2951 fulmen

321 2959 469 3024 emicant
486 2960 578 3023 circa
593 2961 709 3042 capita
727 2961 877 3042 galeata,
893 2960 933 3024 fit
950 2961 1178 3040 gravissimus
1190 2960 1272 3024 hinc

320 3057 400 3121 inde
429 3059 621 3123 conflictus
673 3060 741 3125 Sed
767 3061 910 3125 comites
939 3080 1032 3142 saepe
1063 3059 1160 3137 dicti,
1191 3081 1270 3124 cum

322 3158 395 3221 acie
418 3160 473 3222 cui
500 3167 686 3242 praeerant,
707 3179 729 3223 a
752 3160 1041 3224 commilitonibus
1068 3160 1140 3224 suis
1167 3161 1271 3224 nimis

321 3259 456 3335 remoti,
473 3259 644 3341 praeclusa
657 3268 709 3323 cst
728 3260 777 3324 eis
793 3260 850 3325 via
868 3258 913 3324 ad
935 3260 1047 3324 socios
1062 3260 1270 3338 revertendi,

321 3357 412 3421 sicut
435 3358 504 3422 illis
528 3358 676 3424 facultas
693 3359 811 3423 ablata
833 3366 887 3423 est
908 3360 952 3422 ad
973 3360 1068 3440 ipsos
1085 3360 1270 3440 veniendi3

321 3456 411 3520 unde
428 3457 556 3522 factum
574 3467 639 3536 cst,
651 3459 742 3541 quod
758 3478 839 3541 pars
856 3479 974 3524 eorum
988 3465 1042 3522 tot
1055 3459 1271 3525 Francorum

321 3556 412 3620 vires
439 3557 528 3622 ferre
556 3579 625 3622 non
653 3558 773 3622 valens
801 3559 903 3622 nimis
934 3577 1101 3640 oppressa
1132 3558 1271 3638 defecit,

321 3655 439 3738 sicque
452 3659 594 3722 comites
611 3659 804 3734 memorati,
820 3679 898 3722 cum
912 3659 986 3723 acie
1005 3665 1081 3723 tota
1100 3659 1157 3723 cui
1179 3679 1272 3742 prae-

320 3763 431 3832 erant,
459 3765 537 3838 post
567 3759 753 3821 maximam
783 3758 991 3840 probitatem
1014 3759 1108 3840 capti
1130 3765 1214 3823 sunt
1236 3766 1273 3823 et

318 3855 466 3919 vinculis
481 3857 679 3940 mancipati.

354 4087 462 4139 ΙΙῠὶιὶεηι
473 4090 635 4154 exspectans]
657 4086 766 4154 Philip's
782 4093 888 4144 addreso
901 4099 929 4143 to
944 4094 984 4143 bis
1000 4093 1106 4142 soldiers
1121 4091 1208 4142 before
1227 4092 1270 4141 the

317 4159 393 4209 battle
404 4162 427 4210 is
439 4162 512 4222 given
524 4163 559 4222 by
573 4162 652 4223 Brito,
664 4179 690 4224 p.
702 4168 742 4212 95.
810 4205 811 4209 ,
