<?xml version="1.0" encoding="UTF-8"?>
<!DOCTYPE html PUBLIC "-//W3C//DTD XHTML 1.0 Transitional//EN"
    "http://www.w3.org/TR/xhtml1/DTD/xhtml1-transitional.dtd">
<html xmlns="http://www.w3.org/1999/xhtml" xml:lang="en" lang="en">
 <head>
  <title>
</title>
<meta http-equiv="Content-Type" content="text/html;charset=utf-8" />
  <meta name='ocr-system' content='tesseract 3.04.00' />
  <meta name='ocr-capabilities' content='ocr_page ocr_carea ocr_par ocr_line ocrx_word'/>
</head>
<body>
  <div class='ocr_page' id='page_1' title='image "./rogeridewendove06rogegoog_0216.png"; bbox 0 0 2858 4876; ppageno 0'>
   <div class='ocr_carea' id='block_1_1' title="bbox 424 379 1120 465">
    <p class='ocr_par' dir='ltr' id='par_1_1' title="bbox 424 379 1120 465">
     <span class='ocr_line' id='line_1_1' title="bbox 424 379 1120 465; baseline 0.009 -24"><span class='ocrx_word' id='word_1_1' title='bbox 424 392 565 465; x_wconf 74' lang='lat' dir='ltr'><strong>annuns</strong></span> <span class='ocrx_word' id='word_1_2' title='bbox 588 393 861 446; x_wconf 76' lang='lat' dir='ltr'><strong>nrsromunuu.</strong></span> <span class='ocrx_word' id='word_1_3' title='bbox 1051 379 1120 447; x_wconf 77' lang='lat'><strong>207</strong></span> 
     </span>
    </p>
   </div>
   <div class='ocr_carea' id='block_1_2' title="bbox 164 548 1330 2345">
    <p class='ocr_par' dir='ltr' id='par_1_2' title="bbox 164 548 1330 834">
     <span class='ocr_line' id='line_1_2' title="bbox 164 548 1330 632; baseline -0.001 -21"><span class='ocrx_word' id='word_1_4' title='bbox 164 548 284 632; x_wconf 91' lang='lat' dir='ltr'><strong>templi</strong></span> <span class='ocrx_word' id='word_1_5' title='bbox 313 568 434 615; x_wconf 87' lang='lat' dir='ltr'><strong>versus</strong></span> <span class='ocrx_word' id='word_1_6' title='bbox 468 550 635 615; x_wconf 80' lang='lat' dir='ltr'><strong>orientem</strong></span> <span class='ocrx_word' id='word_1_7' title='bbox 670 551 794 616; x_wconf 74' lang='lat' dir='ltr'><strong>animae</strong></span> <span class='ocrx_word' id='word_1_8' title='bbox 833 551 1118 631; x_wconf 79' lang='lat' dir='ltr'><strong>conscenderant,</strong></span> <span class='ocrx_word' id='word_1_9' title='bbox 1131 570 1185 611; x_wconf 75' lang='lat' dir='ltr'><strong>un.</strong></span> <span class='ocrx_word' id='word_1_10' title='bbox 1196 571 1253 613; x_wconf 70' lang='lat'>120«.</span> <span class='ocrx_word' id='word_1_11' title='bbox 1326 572 1330 581; x_wconf 95' lang='lat'>·</span> 
     </span>
     <span class='ocr_line' id='line_1_3' title="bbox 164 621 1247 718; baseline 0 -7"><span class='ocrx_word' id='word_1_12' title='bbox 164 655 263 714; x_wconf 88' lang='lat' dir='ltr'><strong>tanto</strong></span> <span class='ocrx_word' id='word_1_13' title='bbox 291 650 506 716; x_wconf 84' lang='lat' dir='ltr'><strong>candidiores</strong></span> <span class='ocrx_word' id='word_1_14' title='bbox 530 657 566 715; x_wconf 88' lang='lat' dir='ltr'><strong>et</strong></span> <span class='ocrx_word' id='word_1_15' title='bbox 589 651 768 716; x_wconf 81' lang='lat' dir='ltr'><strong>nitidiores</strong></span> <span class='ocrx_word' id='word_1_16' title='bbox 795 651 937 717; x_wconf 89' lang='lat' dir='ltr'><strong>fiebant.</strong></span> <span class='ocrx_word' id='word_1_17' title='bbox 990 651 1117 718; x_wconf 83' lang='lat' dir='ltr'><strong>Multae</strong></span> <span class='ocrx_word' id='word_1_18' title='bbox 1129 621 1247 712; x_wconf 49' lang='lat' dir='ltr'><strong>fuf‘silnf‘</strong></span> 
     </span>
     <span class='ocr_line' id='line_1_4' title="bbox 164 750 1120 834; baseline 0.005 -22"><span class='ocrx_word' id='word_1_19' title='bbox 164 750 360 815; x_wconf 84' lang='lat' dir='ltr'><strong>mansiones</strong></span> <span class='ocrx_word' id='word_1_20' title='bbox 381 750 656 834; x_wconf 76' lang='lat' dir='ltr'><strong>praeclarissimae</strong></span> <span class='ocrx_word' id='word_1_21' title='bbox 676 752 712 815; x_wconf 93' lang='lat' dir='ltr'><strong>in</strong></span> <span class='ocrx_word' id='word_1_22' title='bbox 733 751 795 816; x_wconf 90' lang='lat' dir='ltr'><strong>illa</strong></span> <span class='ocrx_word' id='word_1_23' title='bbox 816 771 943 834; x_wconf 84' lang='lat' dir='ltr'><strong>magna</strong></span> <span class='ocrx_word' id='word_1_24' title='bbox 957 753 1120 817; x_wconf 87' lang='lat' dir='ltr'><strong>viseban-</strong></span> 
     </span>
    </p>

    <p class='ocr_par' dir='ltr' id='par_1_3' title="bbox 166 851 1119 1034">
     <span class='ocr_line' id='line_1_5' title="bbox 166 851 1119 934; baseline 0.006 -22"><span class='ocrx_word' id='word_1_25' title='bbox 166 855 224 912; x_wconf 90' lang='lat' dir='ltr'><strong>tnr</strong></span> <span class='ocrx_word' id='word_1_26' title='bbox 255 851 412 930; x_wconf 88' lang='lat' dir='ltr'><strong>basilica,</strong></span> <span class='ocrx_word' id='word_1_27' title='bbox 445 851 482 915; x_wconf 87' lang='lat' dir='ltr'><strong>in</strong></span> <span class='ocrx_word' id='word_1_28' title='bbox 519 851 644 933; x_wconf 88' lang='lat' dir='ltr'><strong>quibus</strong></span> <span class='ocrx_word' id='word_1_29' title='bbox 670 851 846 934; x_wconf 85' lang='lat' dir='ltr'><strong>justorum</strong></span> <span class='ocrx_word' id='word_1_30' title='bbox 877 851 1001 917; x_wconf 86' lang='lat' dir='ltr'><strong>animae</strong></span> <span class='ocrx_word' id='word_1_31' title='bbox 1037 854 1119 918; x_wconf 87' lang='lat' dir='ltr'><strong>nive</strong></span> 
     </span>
     <span class='ocr_line' id='line_1_6' title="bbox 166 949 1119 1034; baseline 0.006 -21"><span class='ocrx_word' id='word_1_32' title='bbox 166 949 381 1017; x_wconf 86' lang='lat' dir='ltr'><strong>candidiores</strong></span> <span class='ocrx_word' id='word_1_33' title='bbox 409 951 658 1028; x_wconf 74' lang='lat' dir='ltr'><strong>musitabant,</strong></span> <span class='ocrx_word' id='word_1_34' title='bbox 683 970 829 1034; x_wconf 87' lang='lat' dir='ltr'><strong>quorum</strong></span> <span class='ocrx_word' id='word_1_35' title='bbox 853 952 972 1018; x_wconf 85' lang='lat' dir='ltr'><strong>vultus</strong></span> <span class='ocrx_word' id='word_1_36' title='bbox 1001 960 1037 1017; x_wconf 90' lang='lat' dir='ltr'><strong>et</strong></span> <span class='ocrx_word' id='word_1_37' title='bbox 1061 973 1119 1019; x_wconf 86' lang='lat' dir='ltr'><strong>co·</strong></span> 
     </span>
    </p>

    <p class='ocr_par' dir='ltr' id='par_1_4' title="bbox 166 1051 1117 1135">
     <span class='ocr_line' id='line_1_7' title="bbox 166 1051 1117 1135; baseline 0.006 -24"><span class='ocrx_word' id='word_1_38' title='bbox 166 1068 260 1115; x_wconf 82' lang='lat' dir='ltr'><strong>ronae</strong></span> <span class='ocrx_word' id='word_1_39' title='bbox 283 1051 379 1117; x_wconf 83' lang='lat' dir='ltr'><strong>velut</strong></span> <span class='ocrx_word' id='word_1_40' title='bbox 401 1051 464 1115; x_wconf 83' lang='lat' dir='ltr'><strong>lux</strong></span> <span class='ocrx_word' id='word_1_41' title='bbox 489 1070 595 1115; x_wconf 87' lang='lat' dir='ltr'><strong>aurea</strong></span> <span class='ocrx_word' id='word_1_42' title='bbox 615 1051 819 1117; x_wconf 83' lang='lat' dir='ltr'><strong>rutilabant.</strong></span> <span class='ocrx_word' id='word_1_43' title='bbox 871 1052 1027 1135; x_wconf 79' lang='lat' dir='ltr'><strong>Singulis</strong></span> <span class='ocrx_word' id='word_1_44' title='bbox 1047 1052 1117 1117; x_wconf 88' lang='lat' dir='ltr'><strong>die-</strong></span> 
     </span>
    </p>

    <p class='ocr_par' dir='ltr' id='par_1_5' title="bbox 166 1149 1120 1231">
     <span class='ocr_line' id='line_1_8' title="bbox 166 1149 1120 1231; baseline 0.005 -19"><span class='ocrx_word' id='word_1_45' title='bbox 166 1149 231 1214; x_wconf 91' lang='lat' dir='ltr'><strong>bus</strong></span> <span class='ocrx_word' id='word_1_46' title='bbox 248 1151 352 1216; x_wconf 89' lang='lat' dir='ltr'><strong>certis</strong></span> <span class='ocrx_word' id='word_1_47' title='bbox 374 1151 468 1216; x_wconf 92' lang='lat' dir='ltr'><strong>boris</strong></span> <span class='ocrx_word' id='word_1_48' title='bbox 494 1152 630 1216; x_wconf 89' lang='lat' dir='ltr'><strong>cantica</strong></span> <span class='ocrx_word' id='word_1_49' title='bbox 652 1151 695 1217; x_wconf 94' lang='lat' dir='ltr'><strong>de</strong></span> <span class='ocrx_word' id='word_1_50' title='bbox 720 1150 816 1216; x_wconf 84' lang='lat' dir='ltr'><strong>caelis</strong></span> <span class='ocrx_word' id='word_1_51' title='bbox 841 1152 998 1231; x_wconf 89' lang='lat' dir='ltr'><strong>andiunt,</strong></span> <span class='ocrx_word' id='word_1_52' title='bbox 1022 1153 1120 1218; x_wconf 89' lang='lat' dir='ltr'><strong>velut</strong></span> 
     </span>
    </p>

    <p class='ocr_par' dir='ltr' id='par_1_6' title="bbox 166 1249 1224 1436">
     <span class='ocr_line' id='line_1_9' title="bbox 166 1249 1224 1336; baseline 0.003 -24"><span class='ocrx_word' id='word_1_53' title='bbox 166 1249 197 1312; x_wconf 90' lang='lat' dir='ltr'><strong>si</strong></span> <span class='ocrx_word' id='word_1_54' title='bbox 209 1251 370 1316; x_wconf 88' lang='lat' dir='ltr'><strong>concordi</strong></span> <span class='ocrx_word' id='word_1_55' title='bbox 383 1251 531 1316; x_wconf 83' lang='lat' dir='ltr'><strong>melodia</strong></span> <span class='ocrx_word' id='word_1_56' title='bbox 542 1251 657 1316; x_wconf 90' lang='lat' dir='ltr'><strong>omnia</strong></span> <span class='ocrx_word' id='word_1_57' title='bbox 669 1251 878 1317; x_wconf 89' lang='lat' dir='ltr'><strong>musicorum</strong></span> <span class='ocrx_word' id='word_1_58' title='bbox 893 1271 1023 1336; x_wconf 80' lang='lat' dir='ltr'><strong>genera</strong></span> <span class='ocrx_word' id='word_1_59' title='bbox 1038 1271 1120 1319; x_wconf 83' lang='lat' dir='ltr'><strong>con-</strong></span> <span class='ocrx_word' id='word_1_60' title='bbox 1222 1322 1224 1326; x_wconf 11' lang='grc' dir='ltr'><em>Α</em></span> 
     </span>
     <span class='ocr_line' id='line_1_10' title="bbox 167 1351 1119 1436; baseline 0.004 -23"><span class='ocrx_word' id='word_1_61' title='bbox 167 1358 365 1433; x_wconf 85' lang='lat' dir='ltr'><strong>creparunt,</strong></span> <span class='ocrx_word' id='word_1_62' title='bbox 393 1369 471 1434; x_wconf 86' lang='lat' dir='ltr'><strong>quae</strong></span> <span class='ocrx_word' id='word_1_63' title='bbox 501 1351 552 1416; x_wconf 88' lang='lat' dir='ltr'><strong>ita</strong></span> <span class='ocrx_word' id='word_1_64' title='bbox 578 1371 697 1416; x_wconf 88' lang='lat' dir='ltr'><strong>omnes</strong></span> <span class='ocrx_word' id='word_1_65' title='bbox 727 1352 893 1436; x_wconf 91' lang='lat' dir='ltr'><strong>templum</strong></span> <span class='ocrx_word' id='word_1_66' title='bbox 923 1351 1119 1417; x_wconf 89' lang='lat' dir='ltr'><strong>inhabitan-</strong></span> 
     </span>
    </p>

    <p class='ocr_par' dir='ltr' id='par_1_7' title="bbox 166 1451 1118 1534">
     <span class='ocr_line' id='line_1_11' title="bbox 166 1451 1118 1534; baseline 0.003 -19"><span class='ocrx_word' id='word_1_67' title='bbox 166 1455 220 1515; x_wconf 87' lang='lat' dir='ltr'><strong>tes</strong></span> <span class='ocrx_word' id='word_1_68' title='bbox 245 1452 346 1516; x_wconf 86' lang='lat' dir='ltr'><strong>suavi</strong></span> <span class='ocrx_word' id='word_1_69' title='bbox 371 1451 522 1534; x_wconf 88' lang='lat' dir='ltr'><strong>quadam</strong></span> <span class='ocrx_word' id='word_1_70' title='bbox 551 1451 732 1517; x_wconf 91' lang='lat' dir='ltr'><strong>dulcedine</strong></span> <span class='ocrx_word' id='word_1_71' title='bbox 757 1453 929 1518; x_wconf 86' lang='lat' dir='ltr'><strong>demulcet</strong></span> <span class='ocrx_word' id='word_1_72' title='bbox 956 1471 998 1518; x_wconf 94' lang='lat' dir='ltr'><strong>ac</strong></span> <span class='ocrx_word' id='word_1_73' title='bbox 1029 1453 1118 1518; x_wconf 90' lang='lat' dir='ltr'><strong>refo-</strong></span> 
     </span>
    </p>

    <p class='ocr_par' dir='ltr' id='par_1_8' title="bbox 166 1551 1120 1734">
     <span class='ocr_line' id='line_1_12' title="bbox 166 1551 1120 1633; baseline 0.004 -19"><span class='ocrx_word' id='word_1_74' title='bbox 166 1556 237 1633; x_wconf 82' lang='lat' dir='ltr'><strong>vet,</strong></span> <span class='ocrx_word' id='word_1_75' title='bbox 258 1551 355 1617; x_wconf 86' lang='lat' dir='ltr'><strong>velut</strong></span> <span class='ocrx_word' id='word_1_76' title='bbox 376 1552 407 1616; x_wconf 89' lang='lat' dir='ltr'><strong>si</strong></span> <span class='ocrx_word' id='word_1_77' title='bbox 430 1552 581 1616; x_wconf 89' lang='lat' dir='ltr'><strong>omnium</strong></span> <span class='ocrx_word' id='word_1_78' title='bbox 603 1551 825 1618; x_wconf 86' lang='lat' dir='ltr'><strong>reficerentur</strong></span> <span class='ocrx_word' id='word_1_79' title='bbox 851 1553 982 1619; x_wconf 88' lang='lat' dir='ltr'><strong>deliciis</strong></span> <span class='ocrx_word' id='word_1_80' title='bbox 1008 1553 1120 1618; x_wconf 88' lang='lat' dir='ltr'><strong>fercu-</strong></span> 
     </span>
     <span class='ocr_line' id='line_1_13' title="bbox 167 1649 1118 1734; baseline 0.003 -20"><span class='ocrx_word' id='word_1_81' title='bbox 167 1649 303 1732; x_wconf 88' lang='lat' dir='ltr'><strong>lorum;</strong></span> <span class='ocrx_word' id='word_1_82' title='bbox 335 1650 406 1716; x_wconf 79' lang='lat' dir='ltr'><strong>illae</strong></span> <span class='ocrx_word' id='word_1_83' title='bbox 429 1671 525 1730; x_wconf 88' lang='lat' dir='ltr'><strong>vero,</strong></span> <span class='ocrx_word' id='word_1_84' title='bbox 553 1671 632 1734; x_wconf 84' lang='lat' dir='ltr'><strong>quae</strong></span> <span class='ocrx_word' id='word_1_85' title='bbox 660 1653 814 1718; x_wconf 86' lang='lat' dir='ltr'><strong>exterius</strong></span> <span class='ocrx_word' id='word_1_86' title='bbox 840 1653 876 1717; x_wconf 91' lang='lat' dir='ltr'><strong>in</strong></span> <span class='ocrx_word' id='word_1_87' title='bbox 904 1653 1002 1719; x_wconf 86' lang='lat' dir='ltr'><strong>atriis</strong></span> <span class='ocrx_word' id='word_1_88' title='bbox 1026 1652 1118 1719; x_wconf 85' lang='lat' dir='ltr'><strong>basi-</strong></span> 
     </span>
    </p>

    <p class='ocr_par' dir='ltr' id='par_1_9' title="bbox 166 1749 1120 2345">
     <span class='ocr_line' id='line_1_14' title="bbox 167 1749 1120 1830; baseline 0.004 -16"><span class='ocrx_word' id='word_1_89' title='bbox 167 1749 244 1814; x_wconf 86' lang='lat' dir='ltr'><strong>licae</strong></span> <span class='ocrx_word' id='word_1_90' title='bbox 270 1752 519 1830; x_wconf 82' lang='lat' dir='ltr'><strong>consistebant,</strong></span> <span class='ocrx_word' id='word_1_91' title='bbox 549 1751 683 1817; x_wconf 91' lang='lat' dir='ltr'><strong>nullum</strong></span> <span class='ocrx_word' id='word_1_92' title='bbox 711 1752 755 1817; x_wconf 91' lang='lat' dir='ltr'><strong>de</strong></span> <span class='ocrx_word' id='word_1_93' title='bbox 785 1753 850 1818; x_wconf 93' lang='lat' dir='ltr'><strong>boc</strong></span> <span class='ocrx_word' id='word_1_94' title='bbox 880 1753 1011 1818; x_wconf 87' lang='lat' dir='ltr'><strong>caelesti</strong></span> <span class='ocrx_word' id='word_1_95' title='bbox 1037 1773 1120 1818; x_wconf 89' lang='lat' dir='ltr'><strong>con·</strong></span> 
     </span>
     <span class='ocr_line' id='line_1_15' title="bbox 167 1852 1117 1919; baseline 0.002 -4"><span class='ocrx_word' id='word_1_96' title='bbox 167 1857 271 1915; x_wconf 86' lang='lat' dir='ltr'><strong>centu</strong></span> <span class='ocrx_word' id='word_1_97' title='bbox 304 1871 428 1916; x_wconf 89' lang='lat' dir='ltr'><strong>sonum</strong></span> <span class='ocrx_word' id='word_1_98' title='bbox 456 1853 677 1917; x_wconf 87' lang='lat' dir='ltr'><strong>merebantur</strong></span> <span class='ocrx_word' id='word_1_99' title='bbox 704 1853 836 1919; x_wconf 89' lang='lat' dir='ltr'><strong>audire.</strong></span> <span class='ocrx_word' id='word_1_100' title='bbox 903 1852 975 1917; x_wconf 91' lang='lat' dir='ltr'><strong>Hic</strong></span> <span class='ocrx_word' id='word_1_101' title='bbox 1002 1861 1117 1918; x_wconf 89' lang='lat' dir='ltr'><strong>autem</strong></span> 
     </span>
     <span class='ocr_line' id='line_1_16' title="bbox 166 1951 1119 2037; baseline 0.004 -23"><span class='ocrx_word' id='word_1_102' title='bbox 166 1951 322 2035; x_wconf 85' lang='lat' dir='ltr'><strong>plerique</strong></span> <span class='ocrx_word' id='word_1_103' title='bbox 347 1958 544 2017; x_wconf 88' lang='lat' dir='ltr'><strong>sanctorum</strong></span> <span class='ocrx_word' id='word_1_104' title='bbox 570 1953 671 2036; x_wconf 85' lang='lat' dir='ltr'><strong>quasi</strong></span> <span class='ocrx_word' id='word_1_105' title='bbox 696 1954 838 2037; x_wconf 88' lang='lat' dir='ltr'><strong>propria</strong></span> <span class='ocrx_word' id='word_1_106' title='bbox 860 1953 1034 2018; x_wconf 84' lang='lat' dir='ltr'><strong>habebant</strong></span> <span class='ocrx_word' id='word_1_107' title='bbox 1057 1952 1119 2018; x_wconf 87' lang='lat' dir='ltr'><strong>do-</strong></span> 
     </span>
     <span class='ocr_line' id='line_1_17' title="bbox 167 2051 1117 2136; baseline 0.005 -21"><span class='ocrx_word' id='word_1_108' title='bbox 167 2051 306 2130; x_wconf 89' lang='lat' dir='ltr'><strong>micilia,</strong></span> <span class='ocrx_word' id='word_1_109' title='bbox 339 2052 399 2117; x_wconf 87' lang='lat' dir='ltr'><strong>ubi</strong></span> <span class='ocrx_word' id='word_1_110' title='bbox 430 2052 626 2135; x_wconf 82' lang='lat' dir='ltr'><strong>specialiter</strong></span> <span class='ocrx_word' id='word_1_111' title='bbox 656 2053 722 2117; x_wconf 88' lang='lat' dir='ltr'><strong>sibi</strong></span> <span class='ocrx_word' id='word_1_112' title='bbox 754 2060 833 2136; x_wconf 91' lang='lat' dir='ltr'><strong>post</strong></span> <span class='ocrx_word' id='word_1_113' title='bbox 864 2053 1051 2119; x_wconf 91' lang='lat' dir='ltr'><strong>Dominum</strong></span> <span class='ocrx_word' id='word_1_114' title='bbox 1081 2054 1117 2121; x_wconf 88' lang='lat' dir='ltr'><strong>iu</strong></span> 
     </span>
     <span class='ocr_line' id='line_1_18' title="bbox 166 2150 1119 2237; baseline 0.001 -22"><span class='ocrx_word' id='word_1_115' title='bbox 166 2150 285 2233; x_wconf 86' lang='lat' dir='ltr'><strong>aliquo</strong></span> <span class='ocrx_word' id='word_1_116' title='bbox 305 2151 513 2217; x_wconf 85' lang='lat' dir='ltr'><strong>famulantes</strong></span> <span class='ocrx_word' id='word_1_117' title='bbox 532 2152 680 2218; x_wconf 85' lang='lat' dir='ltr'><strong>feliciter</strong></span> <span class='ocrx_word' id='word_1_118' title='bbox 700 2153 925 2236; x_wconf 87' lang='lat' dir='ltr'><strong>recipiebant,</strong></span> <span class='ocrx_word' id='word_1_119' title='bbox 943 2173 1002 2217; x_wconf 90' lang='lat' dir='ltr'><strong>eos</strong></span> <span class='ocrx_word' id='word_1_120' title='bbox 1023 2161 1119 2237; x_wconf 79' lang='lat' dir='ltr'><strong>post-</strong></span> 
     </span>
     <span class='ocr_line' id='line_1_19' title="bbox 167 2251 1002 2345; baseline 0.005 -33"><span class='ocrx_word' id='word_1_121' title='bbox 167 2251 305 2345; x_wconf 93' lang='lat' dir='ltr'><strong>modum</strong></span> <span class='ocrx_word' id='word_1_122' title='bbox 326 2254 571 2341; x_wconf 86' lang='lat' dir='ltr'><strong>praesentaturi</strong></span> <span class='ocrx_word' id='word_1_123' title='bbox 586 2260 668 2318; x_wconf 88' lang='lat' dir='ltr'><strong>ante</strong></span> <span class='ocrx_word' id='word_1_124' title='bbox 683 2260 906 2337; x_wconf 88' lang='lat' dir='ltr'><strong>conspectum</strong></span> <span class='ocrx_word' id='word_1_125' title='bbox 923 2254 1002 2318; x_wconf 90' lang='lat' dir='ltr'><strong>Dei.</strong></span> 
     </span>
    </p>
   </div>
   <div class='ocr_carea' id='block_1_3' title="bbox 269 2379 967 2512">
    <p class='ocr_par' dir='ltr' id='par_1_10' title="bbox 269 2379 967 2512">
     <span class='ocr_line' id='line_1_20' title="bbox 269 2379 967 2512; baseline -0.003 -22"><span class='ocrx_word' id='word_1_126' title='bbox 269 2379 272 2385; x_wconf 25' lang='grc' dir='ltr'>Ι</span> <span class='ocrx_word' id='word_1_127' title='bbox 314 2424 527 2511; x_wconf 79' lang='lat' dir='ltr'><strong>Depurodiso</strong></span> <span class='ocrx_word' id='word_1_128' title='bbox 543 2434 571 2491; x_wconf 81' lang='lat' dir='ltr'><strong>et</strong></span> <span class='ocrx_word' id='word_1_129' title='bbox 585 2425 694 2491; x_wconf 82' lang='lat' dir='ltr'><strong>Adam</strong></span> <span class='ocrx_word' id='word_1_130' title='bbox 704 2426 814 2512; x_wconf 71' lang='lat' dir='ltr'><strong>primo</strong></span> <span class='ocrx_word' id='word_1_131' title='bbox 823 2434 967 2512; x_wconf 77' lang='lat' dir='ltr'><strong>parante.</strong></span> 
     </span>
    </p>
   </div>
   <div class='ocr_carea' id='block_1_4' title="bbox 146 2549 1119 4132">
    <p class='ocr_par' dir='ltr' id='par_1_11' title="bbox 167 2549 1118 3233">
     <span class='ocr_line' id='line_1_21' title="bbox 217 2549 1118 2634; baseline 0.001 -19"><span class='ocrx_word' id='word_1_132' title='bbox 217 2549 441 2616; x_wconf 83' lang='lat' dir='ltr'><strong>Divertentes</strong></span> <span class='ocrx_word' id='word_1_133' title='bbox 460 2558 576 2616; x_wconf 88' lang='lat' dir='ltr'><strong>autem</strong></span> <span class='ocrx_word' id='word_1_134' title='bbox 600 2550 644 2615; x_wconf 88' lang='lat' dir='ltr'><strong>ad</strong></span> <span class='ocrx_word' id='word_1_135' title='bbox 664 2550 805 2634; x_wconf 89' lang='lat' dir='ltr'><strong>plagam</strong></span> <span class='ocrx_word' id='word_1_136' title='bbox 822 2549 943 2633; x_wconf 91' lang='lat' dir='ltr'><strong>templi</strong></span> <span class='ocrx_word' id='word_1_137' title='bbox 961 2551 1118 2633; x_wconf 88' lang='lat' dir='ltr'><strong>praedicti</strong></span> 
     </span>
     <span class='ocr_line' id='line_1_22' title="bbox 167 2649 1117 2734; baseline 0 -19"><span class='ocrx_word' id='word_1_138' title='bbox 167 2649 369 2715; x_wconf 87' lang='lat' dir='ltr'><strong>orientalem</strong></span> <span class='ocrx_word' id='word_1_139' title='bbox 389 2657 622 2734; x_wconf 85' lang='lat' dir='ltr'><strong>pervenerunt</strong></span> <span class='ocrx_word' id='word_1_140' title='bbox 639 2651 683 2715; x_wconf 90' lang='lat' dir='ltr'><strong>ad</strong></span> <span class='ocrx_word' id='word_1_141' title='bbox 701 2651 816 2716; x_wconf 88' lang='lat' dir='ltr'><strong>locum</strong></span> <span class='ocrx_word' id='word_1_142' title='bbox 834 2651 1117 2728; x_wconf 87' lang='lat' dir='ltr'><strong>amoenissimum,</strong></span> 
     </span>
     <span class='ocr_line' id='line_1_23' title="bbox 167 2748 1118 2835; baseline 0.001 -19"><span class='ocrx_word' id='word_1_143' title='bbox 167 2748 351 2816; x_wconf 83' lang='lat' dir='ltr'><strong>herbarum</strong></span> <span class='ocrx_word' id='word_1_144' title='bbox 373 2750 565 2835; x_wconf 88' lang='lat' dir='ltr'><strong>florumque</strong></span> <span class='ocrx_word' id='word_1_145' title='bbox 582 2751 753 2817; x_wconf 86' lang='lat' dir='ltr'><strong>varietate</strong></span> <span class='ocrx_word' id='word_1_146' title='bbox 771 2750 1001 2834; x_wconf 89' lang='lat' dir='ltr'><strong>splendidum,</strong></span> <span class='ocrx_word' id='word_1_147' title='bbox 1018 2753 1118 2817; x_wconf 86' lang='lat' dir='ltr'><strong>arbo·</strong></span> 
     </span>
     <span class='ocr_line' id='line_1_24' title="bbox 168 2849 1117 2933; baseline 0.001 -19"><span class='ocrx_word' id='word_1_148' title='bbox 168 2869 245 2915; x_wconf 91' lang='lat' dir='ltr'><strong>rum</strong></span> <span class='ocrx_word' id='word_1_149' title='bbox 268 2849 512 2933; x_wconf 86' lang='lat' dir='ltr'><strong>fructuumque</strong></span> <span class='ocrx_word' id='word_1_150' title='bbox 537 2850 731 2933; x_wconf 82' lang='lat' dir='ltr'><strong>fragrantia</strong></span> <span class='ocrx_word' id='word_1_151' title='bbox 756 2850 932 2929; x_wconf 87' lang='lat' dir='ltr'><strong>refertum,</strong></span> <span class='ocrx_word' id='word_1_152' title='bbox 954 2852 1013 2915; x_wconf 92' lang='lat' dir='ltr'><strong>ubi</strong></span> <span class='ocrx_word' id='word_1_153' title='bbox 1035 2871 1117 2918; x_wconf 89' lang='lat' dir='ltr'><strong>con-</strong></span> 
     </span>
     <span class='ocr_line' id='line_1_25' title="bbox 167 2950 1117 3034; baseline -0.002 -17"><span class='ocrx_word' id='word_1_154' title='bbox 167 2951 283 3033; x_wconf 80' lang='lat' dir='ltr'><strong>spexit</strong></span> <span class='ocrx_word' id='word_1_155' title='bbox 307 2950 451 3021; x_wconf 83' lang='lat' dir='ltr'><strong>eductus</strong></span> <span class='ocrx_word' id='word_1_156' title='bbox 474 2951 534 3017; x_wconf 89' lang='lat' dir='ltr'><strong>ille</strong></span> <span class='ocrx_word' id='word_1_157' title='bbox 554 2951 686 3017; x_wconf 90' lang='lat' dir='ltr'><strong>fontem</strong></span> <span class='ocrx_word' id='word_1_158' title='bbox 708 2951 969 3028; x_wconf 88' lang='lat' dir='ltr'><strong>lucidissimum,</strong></span> <span class='ocrx_word' id='word_1_159' title='bbox 989 2952 1049 3034; x_wconf 92' lang='lat' dir='ltr'><strong>qui</strong></span> <span class='ocrx_word' id='word_1_160' title='bbox 1071 2971 1117 3015; x_wconf 86' lang='lat' dir='ltr'><strong>ex</strong></span> 
     </span>
     <span class='ocr_line' id='line_1_26' title="bbox 167 3050 1116 3134; baseline -0.002 -17"><span class='ocrx_word' id='word_1_161' title='bbox 167 3070 206 3117; x_wconf 83' lang='lat' dir='ltr'><strong>se</strong></span> <span class='ocrx_word' id='word_1_162' title='bbox 217 3057 368 3133; x_wconf 88' lang='lat' dir='ltr'><strong>quatuor</strong></span> <span class='ocrx_word' id='word_1_163' title='bbox 381 3050 511 3116; x_wconf 81' lang='lat' dir='ltr'><strong>rivulos</strong></span> <span class='ocrx_word' id='word_1_164' title='bbox 525 3050 653 3119; x_wconf 88' lang='lat' dir='ltr'><strong>diversi</strong></span> <span class='ocrx_word' id='word_1_165' title='bbox 666 3051 811 3134; x_wconf 88' lang='lat' dir='ltr'><strong>liquoris</strong></span> <span class='ocrx_word' id='word_1_166' title='bbox 829 3058 864 3116; x_wconf 93' lang='lat' dir='ltr'><strong>et</strong></span> <span class='ocrx_word' id='word_1_167' title='bbox 878 3050 1003 3116; x_wconf 90' lang='lat' dir='ltr'><strong>coloris</strong></span> <span class='ocrx_word' id='word_1_168' title='bbox 1020 3052 1116 3120; x_wconf 84' lang='lat' dir='ltr'><strong>emit·</strong></span> 
     </span>
     <span class='ocr_line' id='line_1_27' title="bbox 168 3149 1117 3233; baseline -0.004 -17"><span class='ocrx_word' id='word_1_169' title='bbox 168 3151 288 3231; x_wconf 88' lang='lat' dir='ltr'><strong>tebat;</strong></span> <span class='ocrx_word' id='word_1_170' title='bbox 321 3170 427 3233; x_wconf 90' lang='lat' dir='ltr'><strong>super</strong></span> <span class='ocrx_word' id='word_1_171' title='bbox 454 3150 545 3217; x_wconf 88' lang='lat' dir='ltr'><strong>hunc</strong></span> <span class='ocrx_word' id='word_1_172' title='bbox 571 3151 702 3217; x_wconf 92' lang='lat' dir='ltr'><strong>fontem</strong></span> <span class='ocrx_word' id='word_1_173' title='bbox 733 3158 809 3217; x_wconf 89' lang='lat' dir='ltr'><strong>erat</strong></span> <span class='ocrx_word' id='word_1_174' title='bbox 833 3152 936 3215; x_wconf 88' lang='lat' dir='ltr'><strong>arbor</strong></span> <span class='ocrx_word' id='word_1_175' title='bbox 956 3149 1117 3232; x_wconf 50' lang='lat' dir='ltr'><strong>pulchere</strong></span> 
     </span>
    </p>

    <p class='ocr_par' dir='ltr' id='par_1_12' title="bbox 146 3248 1119 4132">
     <span class='ocr_line' id='line_1_28' title="bbox 146 3248 1116 3333; baseline -0.002 -18"><span class='ocrx_word' id='word_1_176' title='bbox 146 3248 255 3315; x_wconf 79' lang='lat' dir='ltr'><strong>&#39;rima</strong></span> <span class='ocrx_word' id='word_1_177' title='bbox 275 3249 372 3316; x_wconf 87' lang='lat' dir='ltr'><strong>mirae</strong></span> <span class='ocrx_word' id='word_1_178' title='bbox 393 3251 643 3332; x_wconf 80' lang='lat' dir='ltr'><strong>magnitudinis</strong></span> <span class='ocrx_word' id='word_1_179' title='bbox 668 3258 705 3316; x_wconf 91' lang='lat' dir='ltr'><strong>et</strong></span> <span class='ocrx_word' id='word_1_180' title='bbox 727 3252 903 3315; x_wconf 86' lang='lat' dir='ltr'><strong>immensae</strong></span> <span class='ocrx_word' id='word_1_181' title='bbox 927 3251 1116 3333; x_wconf 64' lang='lat' dir='ltr'><strong>procerita÷</strong></span> 
     </span>
     <span class='ocr_line' id='line_1_29' title="bbox 166 3347 1117 3435; baseline -0.002 -18"><span class='ocrx_word' id='word_1_182' title='bbox 166 3350 224 3427; x_wconf 84' lang='lat' dir='ltr'><strong>tis,</strong></span> <span class='ocrx_word' id='word_1_183' title='bbox 241 3369 321 3433; x_wconf 73' lang='lat' dir='ltr'><strong>quae</strong></span> <span class='ocrx_word' id='word_1_184' title='bbox 337 3347 635 3435; x_wconf 80' lang='lat' dir='ltr'><strong>omnigen[or]um</strong></span> <span class='ocrx_word' id='word_1_185' title='bbox 657 3350 870 3417; x_wconf 89' lang='lat' dir='ltr'><strong>abundantia</strong></span> <span class='ocrx_word' id='word_1_186' title='bbox 885 3349 1057 3415; x_wconf 90' lang='lat' dir='ltr'><strong>fructuum</strong></span> <span class='ocrx_word' id='word_1_187' title='bbox 1075 3369 1117 3415; x_wconf 87' lang='lat' dir='ltr'><strong>ae</strong></span> 
     </span>
     <span class='ocr_line' id='line_1_30' title="bbox 167 3450 1117 3532; baseline -0.001 -17"><span class='ocrx_word' id='word_1_188' title='bbox 167 3451 360 3532; x_wconf 85' lang='lat' dir='ltr'><strong>specierum</strong></span> <span class='ocrx_word' id='word_1_189' title='bbox 381 3450 572 3517; x_wconf 84' lang='lat' dir='ltr'><strong>redolentia</strong></span> <span class='ocrx_word' id='word_1_190' title='bbox 593 3450 768 3516; x_wconf 88' lang='lat' dir='ltr'><strong>affluebat.</strong></span> <span class='ocrx_word' id='word_1_191' title='bbox 819 3450 890 3516; x_wconf 88' lang='lat' dir='ltr'><strong>Sub</strong></span> <span class='ocrx_word' id='word_1_192' title='bbox 912 3450 977 3515; x_wconf 88' lang='lat' dir='ltr'><strong>bac</strong></span> <span class='ocrx_word' id='word_1_193' title='bbox 995 3451 1117 3515; x_wconf 88' lang='lat' dir='ltr'><strong>arbore</strong></span> 
     </span>
     <span class='ocr_line' id='line_1_31' title="bbox 167 3549 1117 3634; baseline -0.001 -20"><span class='ocrx_word' id='word_1_194' title='bbox 167 3569 276 3632; x_wconf 90' lang='lat' dir='ltr'><strong>prope</strong></span> <span class='ocrx_word' id='word_1_195' title='bbox 305 3549 435 3616; x_wconf 90' lang='lat' dir='ltr'><strong>fontem</strong></span> <span class='ocrx_word' id='word_1_196' title='bbox 468 3550 707 3634; x_wconf 88' lang='lat' dir='ltr'><strong>requiescebat</strong></span> <span class='ocrx_word' id='word_1_197' title='bbox 741 3550 844 3615; x_wconf 93' lang='lat' dir='ltr'><strong>bomo</strong></span> <span class='ocrx_word' id='word_1_198' title='bbox 879 3550 1019 3633; x_wconf 91' lang='lat' dir='ltr'><strong>quidam</strong></span> <span class='ocrx_word' id='word_1_199' title='bbox 1057 3570 1117 3614; x_wconf 85' lang='lat' dir='ltr'><strong>ve·</strong></span> 
     </span>
     <span class='ocr_line' id='line_1_32' title="bbox 167 3648 1118 3733; baseline -0.001 -20"><span class='ocrx_word' id='word_1_200' title='bbox 167 3657 281 3717; x_wconf 80' lang='lat' dir='ltr'><strong>austae</strong></span> <span class='ocrx_word' id='word_1_201' title='bbox 302 3648 423 3715; x_wconf 75' lang='lat' dir='ltr'><strong>forma</strong></span> <span class='ocrx_word' id='word_1_202' title='bbox 450 3669 491 3714; x_wconf 88' lang='lat' dir='ltr'><strong>ac</strong></span> <span class='ocrx_word' id='word_1_203' title='bbox 517 3651 684 3733; x_wconf 79' lang='lat' dir='ltr'><strong>gigantaei</strong></span> <span class='ocrx_word' id='word_1_204' title='bbox 710 3650 875 3733; x_wconf 87' lang='lat' dir='ltr'><strong>corporis,</strong></span> <span class='ocrx_word' id='word_1_205' title='bbox 898 3650 957 3732; x_wconf 93' lang='lat' dir='ltr'><strong>qui</strong></span> <span class='ocrx_word' id='word_1_206' title='bbox 980 3669 1001 3713; x_wconf 88' lang='lat' dir='ltr'><strong>a</strong></span> <span class='ocrx_word' id='word_1_207' title='bbox 1023 3649 1118 3731; x_wconf 90' lang='lat' dir='ltr'><strong>pedi-</strong></span> 
     </span>
     <span class='ocr_line' id='line_1_33' title="bbox 167 3749 1118 3832; baseline -0.001 -19"><span class='ocrx_word' id='word_1_208' title='bbox 167 3750 233 3813; x_wconf 90' lang='lat' dir='ltr'><strong>bus</strong></span> <span class='ocrx_word' id='word_1_209' title='bbox 257 3769 368 3832; x_wconf 89' lang='lat' dir='ltr'><strong>nsque</strong></span> <span class='ocrx_word' id='word_1_210' title='bbox 390 3749 434 3815; x_wconf 87' lang='lat' dir='ltr'><strong>ad</strong></span> <span class='ocrx_word' id='word_1_211' title='bbox 459 3756 582 3832; x_wconf 90' lang='lat' dir='ltr'><strong>pectus</strong></span> <span class='ocrx_word' id='word_1_212' title='bbox 606 3749 748 3816; x_wconf 90' lang='lat' dir='ltr'><strong>indutus</strong></span> <span class='ocrx_word' id='word_1_213' title='bbox 770 3756 845 3815; x_wconf 81' lang='lat' dir='ltr'><strong>erat</strong></span> <span class='ocrx_word' id='word_1_214' title='bbox 866 3750 1016 3832; x_wconf 90' lang='lat' dir='ltr'><strong>quodam</strong></span> <span class='ocrx_word' id='word_1_215' title='bbox 1038 3768 1118 3814; x_wconf 89' lang='lat' dir='ltr'><strong>ves·</strong></span> 
     </span>
     <span class='ocr_line' id='line_1_34' title="bbox 168 3848 1117 3932; baseline -0.001 -19"><span class='ocrx_word' id='word_1_216' title='bbox 168 3849 313 3914; x_wconf 91' lang='lat' dir='ltr'><strong>timeuto</strong></span> <span class='ocrx_word' id='word_1_217' title='bbox 332 3850 422 3915; x_wconf 84' lang='lat' dir='ltr'><strong>varii</strong></span> <span class='ocrx_word' id='word_1_218' title='bbox 444 3850 568 3914; x_wconf 90' lang='lat' dir='ltr'><strong>coloris</strong></span> <span class='ocrx_word' id='word_1_219' title='bbox 593 3857 629 3914; x_wconf 91' lang='lat' dir='ltr'><strong>et</strong></span> <span class='ocrx_word' id='word_1_220' title='bbox 648 3851 736 3915; x_wconf 89' lang='lat' dir='ltr'><strong>mira</strong></span> <span class='ocrx_word' id='word_1_221' title='bbox 759 3848 1011 3932; x_wconf 88' lang='lat' dir='ltr'><strong>pulchritudine</strong></span> <span class='ocrx_word' id='word_1_222' title='bbox 1035 3869 1117 3914; x_wconf 91' lang='lat' dir='ltr'><strong>con·</strong></span> 
     </span>
     <span class='ocr_line' id='line_1_35' title="bbox 167 3949 1118 4031; baseline 0 -16"><span class='ocrx_word' id='word_1_223' title='bbox 167 3955 294 4030; x_wconf 87' lang='lat' dir='ltr'><strong>texto;</strong></span> <span class='ocrx_word' id='word_1_224' title='bbox 325 3969 371 4014; x_wconf 82' lang='lat' dir='ltr'><strong>ex</strong></span> <span class='ocrx_word' id='word_1_225' title='bbox 393 3969 463 4014; x_wconf 91' lang='lat' dir='ltr'><strong>uno</strong></span> <span class='ocrx_word' id='word_1_226' title='bbox 486 3949 587 4014; x_wconf 88' lang='lat' dir='ltr'><strong>oculo</strong></span> <span class='ocrx_word' id='word_1_227' title='bbox 609 3950 722 4015; x_wconf 89' lang='lat' dir='ltr'><strong>ridere</strong></span> <span class='ocrx_word' id='word_1_228' title='bbox 743 3956 778 4013; x_wconf 93' lang='lat' dir='ltr'><strong>et</strong></span> <span class='ocrx_word' id='word_1_229' title='bbox 800 3949 919 4031; x_wconf 80' lang='lat' dir='ltr'><strong>lugere</strong></span> <span class='ocrx_word' id='word_1_230' title='bbox 940 3969 985 4013; x_wconf 84' lang='lat' dir='ltr'><strong>ex</strong></span> <span class='ocrx_word' id='word_1_231' title='bbox 1008 3949 1118 4015; x_wconf 90' lang='lat' dir='ltr'><strong>altero</strong></span> 
     </span>
     <span class='ocr_line' id='line_1_36' title="bbox 166 4047 1119 4132; baseline -0.001 -19"><span class='ocrx_word' id='word_1_232' title='bbox 166 4047 361 4116; x_wconf 83' lang='lat' dir='ltr'><strong>videbatur.</strong></span> <span class='ocrx_word' id='word_1_233' title='bbox 408 4048 531 4129; x_wconf 88' lang='lat' dir='ltr'><strong>‘Hic‚’</strong></span> <span class='ocrx_word' id='word_1_234' title='bbox 553 4050 666 4132; x_wconf 91' lang='lat' dir='ltr'><strong>inquit</strong></span> <span class='ocrx_word' id='word_1_235' title='bbox 688 4056 829 4114; x_wconf 90' lang='lat' dir='ltr'><strong>sanctus</strong></span> <span class='ocrx_word' id='word_1_236' title='bbox 853 4048 1017 4125; x_wconf 90' lang='lat' dir='ltr'><strong>Michael‚</strong></span> <span class='ocrx_word' id='word_1_237' title='bbox 1043 4053 1119 4113; x_wconf 88' lang='lat' dir='ltr'><strong>‘est</strong></span> 
     </span>
    </p>
   </div>
   <div class='ocr_carea' id='block_1_5' title="bbox 0 0 1439 4876">
    <p class='ocr_par' dir='ltr' id='par_1_13' title="bbox 0 0 1439 4876">
     <span class='ocr_line' id='line_1_37' title="bbox 0 0 1439 4876; baseline 0 0"><span class='ocrx_word' id='word_1_238' title='bbox 0 0 1439 4876; x_wconf 95' lang='lat' dir='ltr'><strong> </strong></span> 
     </span>
    </p>
   </div>
  </div>
 </body>
</html>
