2858 4876
343 388 388 452 48
599 402 733 452 uocatu
758 404 803 451 nn
828 403 1034 452 wnunovnu

181 580 236 621 nn.
248 580 305 621 arr.
347 560 478 626 sactum
488 568 553 639 est,
565 569 604 626 ut
620 557 1026 646 princepsAntiocbenus
1040 557 1229 641 praedictas
1245 577 1306 627 ree

343 661 471 745 liquias
486 681 601 726 secum
621 662 758 727 tolleret
777 660 961 742 sigillatas,
977 659 1157 724 etidcirco
1179 658 1304 725 cuncti

343 762 462 827 fideles
489 761 762 829 Christianitatis
800 780 926 844 magno
960 759 1079 825 dolore
1117 767 1153 826 et
1189 759 1304 823 animi

343 881 491 928 moerore
507 863 719 928 consternati
737 869 832 940 suut,
850 861 932 946 quia
950 861 1118 925 terminus
1134 881 1156 924 a
1172 859 1301 925 Salea-

343 961 425 1028 diuo
441 962 607 1046 praefixus
624 962 699 1048 jam
719 963 887 1040 instabat,
910 961 1142 1046 princepsque
1168 959 1302 1044 praesa·

324 1070 401 1128 >tus
424 1063 588 1147 reliquias
608 1071 749 1129 sanctas
768 1082 885 1127 secum
901 1061 1086 1139 detulerat,
1107 1068 1147 1126 ut
1170 1061 1301 1140 eidem,

343 1164 434 1229 sicut
462 1183 522 1228 eas
552 1172 742 1248 receperat,
773 1163 932 1228 redderet
968 1160 1169 1244 sigillatas3
1200 1163 1297 1245 quod

344 1264 515 1346 gloriosus
543 1286 606 1329 rex
636 1264 831 1348 Anglorum
855 1261 1065 1339 Richardus,
1088 1281 1166 1326 cum
1200 1271 1299 1330 esset

343 1364 436 1448 apud
461 1365 601 1444 Furbie,
624 1365 836 1448 intelligens,
861 1371 897 1429 et
918 1382 990 1427 rem
1013 1369 1154 1445 gestam,
1170 1383 1216 1429 ex
1240 1383 1302 1429 or-

343 1465 425 1530 dine
451 1485 713 1549 recognoscens,
739 1485 824 1530 mox
854 1464 1037 1549 pecuniam
1062 1464 1299 1547 praenomina·

342 1574 414 1632 tam
441 1586 504 1650 pro
529 1569 661 1632 sanctis
682 1567 837 1649 reliquiis
856 1563 1044 1651 Salaadino
1065 1564 1233 1646 persolvit
1260 1574 1298 1632 et

342 1673 542 1732 sanctorum
575 1669 722 1753 pignora
754 1667 900 1732 devotus
935 1664 1090 1742 retinuit,
1121 1672 1298 1747 quatenus

343 1768 456 1833 sancti
483 1768 563 1847 Dei,
590 1788 736 1852 quorum
758 1787 840 1833 ossa
860 1767 903 1832 de
925 1766 1084 1830 manibus
1110 1766 1298 1849 impiorum

343 1869 489 1934 redemit
503 1869 540 1933 in
554 1871 668 1947 terris,
684 1869 752 1952 ipsi
767 1869 840 1933 suis
850 1866 1152 1932 intercessionibus
1167 1867 1299 1937 animae

344 1969 420 2055 ejus
443 1971 666 2036 subvenirent
682 1970 718 2034 in
734 1969 840 2033 caelis.
892 1967 979 2033 Erat
1001 1972 1117 2032 autem
1140 1968 1300 2051 capsella

342 2077 452 2134 tantae
476 2071 692 2157 capacitatis,
719 2076 896 2153 tantaeque
917 2075 993 2135 erat
1013 2067 1300 2152 ponderositatis,

342 2176 382 2235 ut
400 2171 459 2238 vix
474 2190 498 2240 a
513 2179 663 2257 quatuor
678 2171 762 2237 viris
778 2170 909 2237 diutius
926 2175 1135 2253 portaretur.
1152 2194 1155 2200 ·

343 2418 348 2439 ο
417 2340 558 2409 quentio
573 2340 725 2422 Artlari,
740 2326 820 2429 repis
834 2334 1234 2436 Britoaumfomoaisrimi,
1293 2312 1296 2317 Ι

256 2501 283 2531 a·
391 2469 523 2536 Eodem
542 2488 634 2535 anno
658 2461 818 2534 ¹inventa
842 2479 924 2533 sunt
950 2468 1042 2551 apud
1069 2465 1301 2545 Glasconiam

341 2587 424 2633 ossa
440 2568 660 2634 famosissimi
674 2569 766 2652 regis
781 2569 972 2634 Britanniae
990 2567 1135 2634 Arthuri
1153 2569 1189 2632 in
1205 2589 1301 2653 quo-

341 2668 423 2733 dam
451 2669 687 2735 vetustissimo
723 2670 903 2736 recondita
939 2669 1168 2754 sarcophago,
1199 2670 1301 2747 circa

342 2769 435 2852 quod
449 2770 526 2835 duae
542 2770 791 2854 antiquissimae
813 2771 1010 2855 pyramides
1033 2771 1174 2835 stabant
1197 2790 1299 2836 erec·

341 2877 401 2948 tae,
425 2872 462 2934 in
494 2871 618 2954 quibus
640 2872 750 2936 literae
775 2879 876 2937 erant
902 2878 1069 2949 exaratae,
1091 2871 1153 2936 sed
1173 2871 1218 2936 ob
1240 2873 1298 2938 ni·

341 2969 446 3037 miam
475 2971 667 3037 barbariem
697 2979 733 3038 et
767 2971 1021 3038 deformitatem
1049 2972 1119 3054 legi
1147 2970 1297 3039 'minime

341 3078 540 3154 potuerunt.
592 3073 743 3138 Inventa
764 3079 847 3137 sunt
862 3078 979 3139 autem
999 3072 1064 3138 hac
1087 3073 1295 3155 occasion03

341 3170 423 3237 dum
443 3174 534 3238 euim
550 3173 675 3238 ibidem
689 3172 890 3251 effoderent,
905 3179 944 3237 ut
961 3172 1167 3238 monachum
1184 3192 1298 3259 quen-

341 3272 422 3337 dam
439 3273 634 3357 sepelirent,
651 3275 712 3358 qui
734 3274 826 3338 huno
845 3273 961 3338 locum
983 3273 1170 3357 sepulturae
1185 3273 1296 3339 vehe-

341 3375 449 3438 menti
470 3374 640 3439 desiderio
657 3375 693 3438 in
710 3374 783 3439 vita
803 3393 868 3439 sua
889 3380 1159 3458 praeoptaverat,
1181 3375 1297 3459 quod·

342 3472 422 3539 dam
449 3475 625 3558 reperiunt
647 3473 913 3558 sarcophagum,
939 3475 995 3542 cui
1019 3494 1105 3540 crux
1130 3475 1297 3558 plumbea

340 3576 562 3658 superposita
580 3575 707 3652 fuerat,
729 3575 766 3639 in
789 3594 858 3657 qua
879 3582 1063 3640 exaratum
1086 3581 1174 3653 erat,
1196 3574 1294 3653 ‘Hie

336 3672 434 3758 jacet
450 3676 601 3762 inclytus
621 3675 805 3741 Britonum
827 3694 890 3740 rex
908 3674 1094 3753 Artburns,
1117 3676 1154 3740 in
1176 3676 1295 3753 insula

342 3772 511 3840 Avalonis
528 3775 709 3858 sepultus)
762 3775 875 3840 Locus
893 3783 1008 3841 autem
1028 3776 1087 3841 ille
1108 3777 1296 3859 paludibus

341 3875 493 3961 undique
519 3876 674 3942 inclusus
696 3877 778 3941 olim
803 3875 940 3942 ‘insula
957 3875 1149 3955 Avalonis,’
1171 3876 1206 3941 id
1237 3886 1296 3944 est

378 4071 566 4126 llumtasunt
577 4111 584 4127 .
597 4102 604 4129 ,
617 4112 624 4127 .
636 4076 716 4142 orm]
734 4075 802 4140 Cog-
826 4076 960 4141 happened
971 4077 998 4126 in
1013 4076 1055 4129 the
1072 4077 1143 4142 reign
1159 4077 1189 4154 of
1203 4077 1297 4157 llenry

339 4144 577 4207 gethaeorum.
612 4147 802 4210 Bromptonre-
828 4147 935 4215 11.,001.
948 4152 1021 4214 1152.
1111 4208 1113 4212 ,

338 4215 405 4269 tates
420 4216 465 4266 the
483 4232 552 4267 same
568 4223 642 4269 event
660 4232 689 4269 aa
709 4217 803 4279 baurg
