2858 4876
333 376 399 443 384
583 394 716 442 nocnnr
743 395 789 440 nn
813 390 1021 442 wunnovnn

91 564 93 572 ·
169 562 223 604 Μ).
236 565 292 607 ¹²¹⁶·
333 551 443 628 dictis,
467 551 591 615 nobilis
612 552 672 615 ille
694 551 858 615 continuo
881 551 1082 634 exspiravit.
1117 546 1205 614 Cum
1223 568 1285 614 au-

332 658 402 716 tem
412 653 519 716 verba
535 651 609 716 baec
618 651 709 715 inter
721 652 870 715 barones
884 651 1109 715 disseminata
1123 651 1285 728 fuissent,

329 751 526 816 contristati
552 760 635 816 sunt
657 751 770 828 valde,
793 751 874 813 dum
906 770 944 814 se
969 751 1154 834 perplexos
1184 750 1284 814 undi-

330 870 398 933 que
413 848 677 933 cognovissent;
706 851 912 914 Lodowicus
930 852 1020 914 enim
1037 857 1149 915 terras
1165 870 1284 914 eorum

330 959 366 1016 et
381 951 537 1028 castella,
553 970 632 1033 quae
652 950 781 1034 jamin
801 950 887 1014 locis
907 950 1052 1015 diversis
1074 951 1285 1035 subjugave-

330 1057 397 1128 rat,
422 1051 492 1115 illis
517 1051 824 1127 murmurantibus,
854 1049 1080 1133 Francigenis
1104 1050 1208 1129 dedit,
1235 1055 1283 1126 et,

329 1149 422 1232 quod
448 1151 560 1232 magis
586 1151 762 1227 dolebant,
787 1157 904 1214 notam
925 1150 975 1213 eis
995 1149 1200 1233 proditionis
1219 1150 1283 1212 im-

329 1251 472 1332 posuit;
508 1252 608 1314 auxit
636 1257 805 1334 praeterea
830 1249 1008 1314 tristitiam
1034 1270 1166 1327 eorum,
1189 1250 1283 1332 quod

329 1349 477 1431 singulis
507 1351 627 1414 diebus
661 1357 777 1414 essent
802 1350 1090 1414 excommunicati
1120 1346 1223 1413 simul
1248 1357 1284 1413 et

329 1449 422 1512 omni
450 1450 582 1514 honore
604 1457 740 1513 terreno
760 1449 900 1531 privati,
923 1450 1015 1514 unde
1032 1451 1069 1513 in
1093 1448 1282 1513 maximam

327 1550 483 1631 corporis
496 1557 532 1613 et
546 1550 671 1613 animae
685 1549 883 1631 angustiam
900 1549 1105 1614 inciderunt.
1138 1549 1283 1631 Cogita-

328 1657 453 1714 verunt
466 1649 566 1713 multi
581 1670 626 1713 ex
643 1649 693 1714 eis
713 1649 758 1713 ad
772 1649 971 1713 fidelitatem
997 1650 1090 1732 regis
1101 1648 1134 1712 'J
1136 1649 1283 1713 ohannis

328 1748 459 1829 redire;
489 1749 550 1814 sed
576 1750 765 1814 timuerunt
793 1749 908 1826 valde,
935 1769 978 1814 ne
1002 1750 1072 1828 ille,
1098 1769 1201 1831 quem
1229 1756 1283 1813 tot

328 1848 524 1932 talibusque
541 1850 701 1915 convitiis
725 1849 761 1913 in
783 1849 900 1912 odium
922 1849 976 1913 sui
996 1856 1283 1933 provocaverant,

328 1949 434 2014 vellet
449 1969 509 2015 eos
526 1950 709 2016 admittere
723 1949 946 2032 poenitentes.

522 2127 571 2192 De
585 2137 679 2192 utorio
692 2124 858 2202 Jobuaua‘s,
873 2124 954 2210 repis
963 2121 1098 2208 duplice.

379 2250 548 2329 Tandem,
566 2271 643 2315 cum
662 2250 868 2314 Lodowicus
885 2248 977 2332 apud
996 2249 1171 2313 Doveram
1189 2248 1281 2311 obsi-

327 2351 463 2415 dionem
484 2350 542 2414 diu
566 2358 601 2415 et
620 2349 771 2414 inaniter
790 2349 1035 2433 protraxisset,
1058 2367 1121 2412 rex
1147 2347 1171 2411 J
1174 2347 1281 2411 oban-

325 2469 387 2514 nes
402 2452 439 2514 in
456 2450 658 2515 fortitudine
673 2452 774 2532 gravi
795 2449 992 2533 provincias
1007 2449 1050 2511 de
1068 2447 1226 2512 Suthfolc
1244 2454 1280 2511 et

326 2549 487 2614 Nortfolc
504 2551 629 2614 misera
644 2550 829 2614 afflictione
849 2550 1026 2613 contrivit.
1079 2547 1280 2612 Novissime

324 2667 387 2731 per
401 2651 532 2728 urbem,
551 2669 629 2733 quae
642 2649 716 2712 Len
735 2648 944 2731 appellatur,
955 2648 1138 2712 transitum
1150 2647 1280 2710 faciens

325 2750 369 2813 ab
387 2750 527 2813 urbanis
549 2769 626 2812 cum
649 2748 778 2830 gaudio
801 2754 984 2829 susceptus
1007 2753 1119 2810 estet
1143 2746 1278 2828 magnis

324 2848 477 2912 donariis
510 2845 712 2912 honoratus,
764 2847 902 2911 Deinde
931 2865 1053 2910 versus
1081 2846 1278 2928 aquilonem

323 2949 390 3012 iter
415 2949 583 3031 arripiens
607 2949 643 3012 in
665 2947 784 3025 fluvio,
811 2947 871 3029 qui
895 2945 1117 3011 Wellestrem
1141 2945 1279 3024 dicitur,

323 3057 477 3113 car-retas
508 3069 638 3126 omnes,
667 3048 767 3129 bigas
790 3047 826 3111 et
849 3044 1067 3123 summarios
1096 3065 1174 3109 cum
1202 3045 1278 3110 the-

322 3149 447 3226 sauris,
460 3149 554 3214 vasis
570 3148 730 3231 pretiosis
748 3156 784 3211 et
796 3148 898 3212 rebus
915 3146 1086 3223 omnibuS,
1102 3164 1181 3228 quae
1198 3164 1279 3229 pro·

322 3248 473 3330 pensiori
496 3268 580 3313 cura
607 3248 742 3324 dilexit,
767 3241 964 3329 ¹inopinato
986 3252 1114 3310 eventu
1138 3247 1276 3325 amisit;

323 3356 446 3430 aperta
469 3358 523 3413 est
540 3349 629 3412 enim
652 3349 689 3410 in
710 3347 831 3410 mediis
854 3345 1016 3410 fluctibus
1042 3353 1135 3409 terra
1163 3354 1199 3411 et
1215 3367 1277 3411 vo-

322 3448 460 3529 ragines
477 3450 634 3532 abyssus,
650 3466 729 3530 quae
750 3447 1002 3510 absorbuerunt
1019 3445 1181 3509 universa
1197 3465 1276 3510 cum

321 3546 516 3612 bominibus
534 3556 569 3613 et
586 3546 695 3631 equiS,
718 3547 769 3610 ita
791 3545 884 3629 quod
899 3565 963 3610 nec
977 3565 1039 3628 pes
1056 3565 1146 3610 unus
1163 3547 1277 3610 evasit

356 3751 499 3816 ¹Inopiuctc
506 3753 702 3816 commenticia]
716 3752 784 3814 Cog-
809 3756 878 3801 serat
893 3751 964 3812 apud
981 3751 1150 3808 Wollestrem‚
1165 3750 1276 3800 etmulti

323 3818 448 3887 geshale’s
459 3827 566 3871 account
575 3822 604 3871 ol
612 3822 663 3872 this
674 3823 784 3872 disaster
809 3822 841 3870 de
853 3821 951 3870 familia
967 3821 1024 3882 ejus
1041 3817 1165 3869 submersi
1176 3821 1275 3871 suntin

320 3893 377 3943 isus
385 3893 497 3942 follows:
509 3893 653 3943 ‘Praeterea
658 3895 784 3942 maximus
809 3893 883 3953 aquis
894 3892 998 3940 marinis
1010 3894 1036 3939 et
1046 3891 1073 3938 in
1083 3890 1141 3939 vivo
1152 3891 1275 3940 sabulone

320 3963 392 4013 dolor
408 3979 467 4013 eum
482 3964 600 4025 angebat,
615 3964 683 4024 quod
699 3963 784 4026 capel·
809 3962 903 4011 ibidem
921 3961 1042 4023 absorpti,
1060 3961 1122 4021 quia
1137 3961 1238 4009 incaute
1250 3965 1276 4010 et

320 4034 371 4082 lum
383 4048 456 4082 suam
467 4048 525 4082 cum
536 4033 660 4095 reliquiis,
670 4038 696 4082 et
707 4047 785 4095 quos·
809 4032 999 4094 praecipitanter
1038 4045 1065 4080 se
1105 4031 1274 4093 ingesserant,

320 4103 379 4152 dam
397 4103 546 4153 summarios
562 4117 622 4152 suos
639 4118 697 4153 cum
712 4104 785 4153 varia
811 4107 875 4152 aestu
893 4104 970 4154 maris
986 4101 1098 4151 nondum
1114 4099 1247 4152 recedente
1256 4096 1274 4163 ς’

320 4173 484 4239 supellectili,
503 4175 530 4224 in
547 4174 637 4223 itinere
657 4174 702 4223 illo
722 4173 785 4223 ami-
810 4176 904 4235 p.112.
1093 4170 1094 4173 ’
