2858 4876
421 407 562 458 vacuus
584 408 857 458 ursvonrnnun.
1070 394 1113 461 dl

162 581 311 651 namque
331 570 368 634 in
389 568 451 635 illa
472 567 564 653 ignis
587 567 746 648 Graecus,
766 578 1037 656 serpentumque
1061 570 1114 654 ig·
1126 585 1250 626 anam.

163 672 312 735 nitorum
336 671 486 754 plurima
508 689 593 734 vasa
616 671 731 754 plena,
755 681 791 735 et
812 671 998 739 bellatores
1021 671 1115 736 mille

164 771 346 855 quingenti
362 778 397 836 et
414 771 635 836 robustorum
655 771 832 836 hominum
853 771 947 838 mille
963 780 999 837 et
1015 773 1117 856 quin·

162 873 272 955 genti,
299 891 444 954 quorum
478 871 644 954 suffragio
672 873 772 936 navis
801 872 1007 938 muniretur.
1056 871 1119 937 In·

164 974 305 1038 structis
333 973 441 1055 igitur
455 972 505 1037 ‘iu
534 979 707 1037 momento
737 974 902 1057 temporis
930 972 1024 1056 regis
1052 971 1121 1037 Ri-

166 1073 286 1137 chardi
303 1072 349 1137 ad
362 1073 493 1137 bellum
512 1073 721 1155 agminibus,
739 1074 929 1156 galeiarum
945 1092 1117 1139 concursu

165 1173 318 1258 undique
335 1174 376 1238 fit
396 1172 545 1239 insultus
568 1175 766 1252 acerrimus,
784 1175 845 1241 sed
869 1174 970 1240 navis
991 1173 1116 1239 adver·

164 1275 277 1340 satrix
295 1281 476 1339 ventorum
496 1272 665 1339 destituta
684 1274 811 1341 solatio
834 1275 1020 1341 immobilis
1041 1294 1118 1358 per·

166 1375 339 1439 manebat.
391 1373 547 1439 Tandem
570 1375 713 1456 quidam
733 1376 916 1458 remigum,
940 1372 1118 1458 mergendi

165 1477 230 1540 suh
248 1475 347 1559 aquis
362 1481 437 1541 arte
451 1475 619 1553 eruditus,
632 1483 759 1541 natans
775 1476 840 1540 sub
852 1476 956 1542 latice
970 1475 1118 1540 accessit

166 1575 212 1640 ad
233 1595 357 1641 navem
374 1583 410 1640 et
431 1595 507 1641 eam
525 1577 732 1658 quantocius
752 1577 889 1641 terebro
907 1575 1117 1660 perforavitt

167 1696 237 1760 qua
254 1676 441 1761 perforata,
463 1684 584 1754 nauta,
605 1675 782 1743 Christum
801 1676 934 1742 habens
954 1683 1120 1755 tutorem,

167 1778 211 1842 ad
236 1777 386 1860 galeiam
406 1777 449 1841 de
470 1796 541 1860 qua
560 1778 671 1843 exivit
690 1797 849 1842 reversus
871 1777 946 1860 regi
969 1796 1047 1860 quae
1070 1776 1123 1841 fe*

168 1885 264 1943 cerat
285 1878 494 1958 declaravit3
517 1877 640 1943 deinde
662 1877 797 1944 modico
820 1885 935 1943 tractu
954 1877 1120 1961 temporis

169 1998 261 2063 aqua
280 1980 479 2043 subintrans
506 1981 622 2043 omnia
644 1980 744 2044 navis
763 1980 923 2043 tabulata
942 1985 1122 2043 transcen-

169 2080 232 2158 dit,
245 2087 280 2145 et
296 2079 503 2156 hominibus,
516 2080 577 2162 qui
591 2078 687 2161 prius
703 2077 741 2143 in
753 2078 1024 2162 propugnaculis
1038 2098 1122 2143 con·

169 2180 333 2257 fidebant,
365 2198 462 2263 spem
495 2177 664 2243 evadendi
693 2198 836 2261 prorsus
862 2178 1002 2256 ademit,
1035 2197 1121 2261 quo·

170 2299 247 2343 rum
269 2278 362 2343 mille
380 2284 556 2342 trecentos
573 2298 636 2342 rex
657 2277 853 2343 Richardns
874 2280 910 2342 in
927 2277 1017 2343 mari
1039 2277 1124 2340 snb·

172 2380 280 2462 mergi
304 2379 483 2463 praecepit,
507 2384 543 2442 et
569 2378 737 2446 ducentos
755 2379 856 2447 vivos
880 2377 926 2446 ad
949 2376 1122 2445 cautelam

169 2480 371 2546 reservavit.

177 2664 219 2730 Ut
231 2687 285 2732 roc
296 2660 478 2728 Eiokome
488 2661 577 2748 epod
585 2660 693 2726 Arbore
707 2659 873 2748 applicuit,
889 2667 918 2728 ei
930 2659 970 2728 de
982 2659 1123 2749 captione

521 2761 658 2848 ‘ejusdem
674 2760 772 2828 orbis.

224 2888 304 2954 Rex
320 2887 528 2965 Richardus,
544 2906 622 2951 oum
640 2887 752 2970 spolia
766 2887 865 2952 navis
885 2887 1002 2952 omnia
1020 2887 1124 2953 colle-
1134 2909 1251 2953 sunum
1264 2908 1290 2951 or

173 2987 293 3074 gisset,
320 3008 485 3073 prospero
509 3007 612 3052 cursu
640 2987 684 3052 ad
714 2995 852 3071 portum
880 2980 1030 3066 1Achon,
1053 2961 1200 3073 quom

174 3091 350 3168 tendebat,
372 3088 677 3172 appropinquavit.
725 3087 890 3171 Denique
918 3096 1020 3153 sexto
1045 3089 1124 3153 idus

175 3191 287 3270 Junii,
319 3209 400 3274 rege
431 3195 570 3273 portum
601 3188 766 3265 intrante,
791 3187 955 3252 lituorum
984 3189 1126 3268 stridor,

174 3292 318 3372 clangor
344 3291 517 3366 tubarum,
543 3288 711 3371 strepitus
738 3288 951 3352 cornicinum
978 3288 1128 3354 horn'biv

175 3392 218 3456 lis
243 3391 364 3455 littora
390 3389 624 3473 repleverunt,
647 3395 741 3453 terra
770 3407 832 3472 per
863 3388 1045 3454 circuitum
1072 3409 1129 3455 re·

175 3492 349 3571 sonabat3
380 3489 473 3574 quod
492 3488 622 3554 sactum
647 3487 863 3554 Christianos
888 3489 1055 3555 animavit
1080 3491 1124 3555 ad

176 3610 329 3676 pugnam
351 3590 588 3656 etSaraeenis
611 3589 763 3655 obsessis
786 3596 951 3655 terrorem
967 3591 1126 3669 incussit,

177 3711 341 3775 magnum
363 3690 551 3774 principem
579 3689 761 3755 advenisse
785 3690 977 3756 declarans.
1026 3690 1130 3755 Tunc

177 3813 241 3858 rex
260 3790 457 3856 Richardns
477 3791 584 3855 animi
604 3791 659 3855 sui
680 3791 947 3874 generositatem
968 3791 1129 3855 omuibus

176 3910 354 3976 exponens
370 3891 529 3957 famelico
546 3892 714 3957 exercitui
725 3890 892 3956 victualia
904 3891 1126 3956 ministravit.

215 4067 223 4098 ¹
236 4068 342 4133 Arbua]
360 4068 473 4119 Richard
484 4068 586 4118 entered
598 4067 640 4117 the
666 4067 719 4116 had
728 4068 811 4118 lasted
822 4069 910 4130 nearly
921 4073 972 4119 two
983 4080 1074 4133 years3
1086 4080 1131 4116 sce

178 4144 235 4205 port
256 4138 285 4189 of
299 4140 366 4188 Acre
390 4155 423 4189 on
441 4138 483 4188 the
502 4138 546 4188 sth
564 4139 642 4201 June,
667 4139 786 4202 Vinsauf,
796 4155 822 4203 p.
835 4142 892 4190 sel.

179 4206 425 4276 (Diceto,col.661,)
436 4209 510 4260 when
519 4209 562 4259 the
573 4210 642 4272 siege
