<?xml version="1.0" encoding="UTF-8"?>
<!DOCTYPE html PUBLIC "-//W3C//DTD XHTML 1.0 Transitional//EN"
    "http://www.w3.org/TR/xhtml1/DTD/xhtml1-transitional.dtd">
<html xmlns="http://www.w3.org/1999/xhtml" xml:lang="en" lang="en">
 <head>
  <title>
</title>
<meta http-equiv="Content-Type" content="text/html;charset=utf-8" />
  <meta name='ocr-system' content='tesseract 3.04.00' />
  <meta name='ocr-capabilities' content='ocr_page ocr_carea ocr_par ocr_line ocrx_word'/>
</head>
<body>
  <div class='ocr_page' id='page_1' title='image "./rogeridewendove06rogegoog_0246.png"; bbox 0 0 2858 4876; ppageno 0'>
   <div class='ocr_carea' id='block_1_1' title="bbox 416 391 1106 456">
    <p class='ocr_par' dir='ltr' id='par_1_1' title="bbox 416 391 1106 456">
     <span class='ocr_line' id='line_1_1' title="bbox 416 391 1106 456; baseline 0.007 -5"><span class='ocrx_word' id='word_1_1' title='bbox 416 403 557 451; x_wconf 80' lang='lat' dir='ltr'>anonas</span> <span class='ocrx_word' id='word_1_2' title='bbox 580 403 849 454; x_wconf 79' lang='lat' dir='ltr'>uisuonmnuu.</span> <span class='ocrx_word' id='word_1_3' title='bbox 1041 391 1106 456; x_wconf 79' lang='lat'>237</span> 
     </span>
    </p>
   </div>
   <div class='ocr_carea' id='block_1_2' title="bbox 356 635 907 704">
    <p class='ocr_par' dir='ltr' id='par_1_2' title="bbox 356 635 907 704">
     <span class='ocr_line' id='line_1_2' title="bbox 356 635 907 704; baseline 0.009 -5"><span class='ocrx_word' id='word_1_4' title='bbox 356 635 406 700; x_wconf 80' lang='lat' dir='ltr'>Da</span> <span class='ocrx_word' id='word_1_5' title='bbox 420 644 515 701; x_wconf 72' lang='lat' dir='ltr'>neom</span> <span class='ocrx_word' id='word_1_6' title='bbox 538 637 688 702; x_wconf 77' lang='lat' dir='ltr'>Willalmi</span> <span class='ocrx_word' id='word_1_7' title='bbox 703 638 740 703; x_wconf 79' lang='lat' dir='ltr'>da</span> <span class='ocrx_word' id='word_1_8' title='bbox 754 639 907 704; x_wconf 68' lang='lat' dir='ltr'>Brousis.</span> 
     </span>
    </p>
   </div>
   <div class='ocr_carea' id='block_1_3' title="bbox 134 758 1249 3338">
    <p class='ocr_par' dir='ltr' id='par_1_3' title="bbox 156 758 1249 1942">
     <span class='ocr_line' id='line_1_3' title="bbox 210 758 1243 868; baseline 0.001 -45"><span class='ocrx_word' id='word_1_9' title='bbox 210 758 279 823; x_wconf 89' lang='lat' dir='ltr'>Per</span> <span class='ocrx_word' id='word_1_10' title='bbox 293 760 383 825; x_wconf 91' lang='lat' dir='ltr'>idem</span> <span class='ocrx_word' id='word_1_11' title='bbox 399 768 536 844; x_wconf 88' lang='lat' dir='ltr'>tempus</span> <span class='ocrx_word' id='word_1_12' title='bbox 552 761 749 826; x_wconf 90' lang='lat' dir='ltr'>Willelmus</span> <span class='ocrx_word' id='word_1_13' title='bbox 773 762 816 826; x_wconf 93' lang='lat' dir='ltr'>de</span> <span class='ocrx_word' id='word_1_14' title='bbox 832 763 966 827; x_wconf 86' lang='lat' dir='ltr'>Brause</span> <span class='ocrx_word' id='word_1_15' title='bbox 981 761 1096 826; x_wconf 86' lang='lat' dir='ltr'>senior</span> <span class='ocrx_word' id='word_1_16' title='bbox 1098 778 1153 868; x_wconf 47' lang='grc' dir='ltr'>,ὓ</span> <span class='ocrx_word' id='word_1_17' title='bbox 1149 779 1243 868; x_wconf 49' lang='lat' dir='ltr'>athup-</span> 
     </span>
     <span class='ocr_line' id='line_1_4' title="bbox 157 859 1249 973; baseline 0.004 -51"><span class='ocrx_word' id='word_1_18' title='bbox 157 861 218 973; x_wconf 81' lang='lat' dir='ltr'>qui</span> <span class='ocrx_word' id='word_1_19' title='bbox 243 879 266 923; x_wconf 88' lang='lat' dir='ltr'>a</span> <span class='ocrx_word' id='word_1_20' title='bbox 287 859 376 926; x_wconf 88' lang='lat' dir='ltr'>l&#39;acie</span> <span class='ocrx_word' id='word_1_21' title='bbox 397 861 491 943; x_wconf 84' lang='lat' dir='ltr'>regis</span> <span class='ocrx_word' id='word_1_22' title='bbox 512 860 708 943; x_wconf 81' lang='lat' dir='ltr'>Anglornm</span> <span class='ocrx_word' id='word_1_23' title='bbox 721 862 744 926; x_wconf 86' lang='lat' dir='ltr'>J</span> <span class='ocrx_word' id='word_1_24' title='bbox 748 863 892 926; x_wconf 79' lang='lat' dir='ltr'>ohannls</span> <span class='ocrx_word' id='word_1_25' title='bbox 915 864 958 925; x_wconf 87' lang='lat' dir='ltr'>ab</span> <span class='ocrx_word' id='word_1_26' title='bbox 983 861 1102 926; x_wconf 89' lang='lat' dir='ltr'>Hiber·</span> <span class='ocrx_word' id='word_1_27' title='bbox 1120 879 1213 968; x_wconf 53' lang='lat' dir='ltr'>nonen</span> <span class='ocrx_word' id='word_1_28' title='bbox 1222 881 1249 919; x_wconf 77' lang='grc' dir='ltr'>ιο</span> 
     </span>
     <span class='ocr_line' id='line_1_5' title="bbox 159 929 1188 1045; baseline 0.004 -22"><span class='ocrx_word' id='word_1_29' title='bbox 159 959 217 1023; x_wconf 86' lang='lat' dir='ltr'>nia</span> <span class='ocrx_word' id='word_1_30' title='bbox 230 961 406 1043; x_wconf 79' lang='lat' dir='ltr'>adportes</span> <span class='ocrx_word' id='word_1_31' title='bbox 421 960 559 1042; x_wconf 80' lang='lat' dir='ltr'>fugerat</span> <span class='ocrx_word' id='word_1_32' title='bbox 571 961 772 1026; x_wconf 88' lang='lat' dir='ltr'>Gallicanas</span> <span class='ocrx_word' id='word_1_33' title='bbox 775 963 887 1045; x_wconf 88' lang='lat' dir='ltr'>,apud</span> <span class='ocrx_word' id='word_1_34' title='bbox 897 929 1188 1027; x_wconf 64' lang='lat' dir='ltr'>¹GordubamB¹³u⁸</span> 
     </span>
     <span class='ocr_line' id='line_1_6' title="bbox 156 1059 1109 1128; baseline 0.006 -6"><span class='ocrx_word' id='word_1_35' title='bbox 156 1059 247 1123; x_wconf 90' lang='lat' dir='ltr'>diem</span> <span class='ocrx_word' id='word_1_36' title='bbox 274 1061 399 1124; x_wconf 88' lang='lat' dir='ltr'>clausit</span> <span class='ocrx_word' id='word_1_37' title='bbox 429 1068 622 1125; x_wconf 84' lang='lat' dir='ltr'>extremum</span> <span class='ocrx_word' id='word_1_38' title='bbox 652 1069 687 1125; x_wconf 92' lang='lat' dir='ltr'>et</span> <span class='ocrx_word' id='word_1_39' title='bbox 712 1061 909 1125; x_wconf 87' lang='lat' dir='ltr'>Parisius</span> <span class='ocrx_word' id='word_1_40' title='bbox 899 1083 935 1125; x_wconf 87' lang='lat' dir='ltr'>m</span> <span class='ocrx_word' id='word_1_41' title='bbox 967 1063 1109 1128; x_wconf 82' lang='lat' dir='ltr'>abbatia</span> 
     </span>
     <span class='ocr_line' id='line_1_7' title="bbox 158 1159 1106 1244; baseline 0.004 -22"><span class='ocrx_word' id='word_1_42' title='bbox 158 1160 270 1224; x_wconf 90' lang='lat' dir='ltr'>sancti</span> <span class='ocrx_word' id='word_1_43' title='bbox 294 1159 447 1224; x_wconf 85' lang='lat' dir='ltr'>Victoris</span> <span class='ocrx_word' id='word_1_44' title='bbox 469 1160 657 1225; x_wconf 87' lang='lat' dir='ltr'>honorifice</span> <span class='ocrx_word' id='word_1_45' title='bbox 680 1163 837 1244; x_wconf 88' lang='lat' dir='ltr'>sepultus</span> <span class='ocrx_word' id='word_1_46' title='bbox 859 1168 921 1225; x_wconf 84' lang='lat' dir='ltr'>est.</span> <span class='ocrx_word' id='word_1_47' title='bbox 975 1162 1106 1226; x_wconf 85' lang='lat' dir='ltr'>Eodem</span> 
     </span>
     <span class='ocr_line' id='line_1_8' title="bbox 159 1259 1107 1344; baseline 0.004 -22"><span class='ocrx_word' id='word_1_48' title='bbox 159 1278 249 1324; x_wconf 89' lang='lat' dir='ltr'>anno</span> <span class='ocrx_word' id='word_1_49' title='bbox 273 1259 499 1324; x_wconf 86' lang='lat' dir='ltr'><strong>Innocentius</strong></span> <span class='ocrx_word' id='word_1_50' title='bbox 522 1280 625 1342; x_wconf 88' lang='lat' dir='ltr'>papa,</span> <span class='ocrx_word' id='word_1_51' title='bbox 649 1280 727 1324; x_wconf 90' lang='lat' dir='ltr'>cum</span> <span class='ocrx_word' id='word_1_52' title='bbox 749 1282 812 1325; x_wconf 86' lang='lat' dir='ltr'>rex</span> <span class='ocrx_word' id='word_1_53' title='bbox 831 1261 1021 1344; x_wconf 83' lang='lat' dir='ltr'>Anglorum</span> <span class='ocrx_word' id='word_1_54' title='bbox 1042 1263 1107 1326; x_wconf 84' lang='lat' dir='ltr'>Jo-</span> 
     </span>
     <span class='ocr_line' id='line_1_9' title="bbox 158 1357 1107 1444; baseline 0.004 -23"><span class='ocrx_word' id='word_1_55' title='bbox 158 1357 290 1424; x_wconf 87' lang='lat' dir='ltr'>hanncs</span> <span class='ocrx_word' id='word_1_56' title='bbox 316 1360 447 1423; x_wconf 91' lang='lat' dir='ltr'>nuntiis</span> <span class='ocrx_word' id='word_1_57' title='bbox 476 1357 552 1443; x_wconf 91' lang='lat' dir='ltr'>ejus</span> <span class='ocrx_word' id='word_1_58' title='bbox 585 1360 650 1424; x_wconf 88' lang='lat' dir='ltr'>sibi</span> <span class='ocrx_word' id='word_1_59' title='bbox 678 1361 809 1425; x_wconf 89' lang='lat' dir='ltr'>monita</span> <span class='ocrx_word' id='word_1_60' title='bbox 840 1361 1107 1444; x_wconf 82' lang='lat' dir='ltr'>praedicantibus</span> 
     </span>
     <span class='ocr_line' id='line_1_10' title="bbox 157 1458 1107 1543; baseline 0.002 -21"><span class='ocrx_word' id='word_1_61' title='bbox 157 1458 311 1523; x_wconf 88' lang='lat' dir='ltr'>salubria</span> <span class='ocrx_word' id='word_1_62' title='bbox 332 1459 553 1541; x_wconf 79' lang='lat' dir='ltr'>adquiescere</span> <span class='ocrx_word' id='word_1_63' title='bbox 572 1461 847 1543; x_wconf 82' lang='lat' dir='ltr'>contempsisset,</span> <span class='ocrx_word' id='word_1_64' title='bbox 869 1461 1107 1525; x_wconf 88' lang='lat' dir='ltr'>multimodam</span> 
     </span>
     <span class='ocr_line' id='line_1_11' title="bbox 158 1557 1106 1642; baseline 0.005 -21"><span class='ocrx_word' id='word_1_65' title='bbox 158 1558 267 1642; x_wconf 86' lang='lat' dir='ltr'>ipsius</span> <span class='ocrx_word' id='word_1_66' title='bbox 283 1557 535 1622; x_wconf 88' lang='lat' dir='ltr'>contumaciam</span> <span class='ocrx_word' id='word_1_67' title='bbox 557 1579 664 1642; x_wconf 88' lang='lat' dir='ltr'>supra</span> <span class='ocrx_word' id='word_1_68' title='bbox 687 1560 826 1624; x_wconf 92' lang='lat' dir='ltr'>modum</span> <span class='ocrx_word' id='word_1_69' title='bbox 850 1561 1037 1637; x_wconf 83' lang='lat' dir='ltr'>admirans,</span> <span class='ocrx_word' id='word_1_70' title='bbox 1056 1581 1106 1626; x_wconf 87' lang='lat' dir='ltr'>re-</span> 
     </span>
     <span class='ocr_line' id='line_1_12' title="bbox 157 1657 1105 1743; baseline 0.002 -21"><span class='ocrx_word' id='word_1_71' title='bbox 157 1678 218 1738; x_wconf 83' lang='lat' dir='ltr'>ges</span> <span class='ocrx_word' id='word_1_72' title='bbox 235 1666 270 1722; x_wconf 90' lang='lat' dir='ltr'>et</span> <span class='ocrx_word' id='word_1_73' title='bbox 287 1657 375 1723; x_wconf 85' lang='lat' dir='ltr'>ahos</span> <span class='ocrx_word' id='word_1_74' title='bbox 390 1678 521 1736; x_wconf 87' lang='lat' dir='ltr'>omnes,</span> <span class='ocrx_word' id='word_1_75' title='bbox 537 1666 609 1723; x_wconf 93' lang='lat' dir='ltr'>tam</span> <span class='ocrx_word' id='word_1_76' title='bbox 630 1680 801 1742; x_wconf 87' lang='lat' dir='ltr'>pauperes</span> <span class='ocrx_word' id='word_1_77' title='bbox 817 1680 919 1743; x_wconf 89' lang='lat' dir='ltr'>quam</span> <span class='ocrx_word' id='word_1_78' title='bbox 932 1668 1105 1743; x_wconf 89' lang='lat' dir='ltr'>potentes,</span> 
     </span>
     <span class='ocr_line' id='line_1_13' title="bbox 158 1757 1107 1843; baseline 0.005 -23"><span class='ocrx_word' id='word_1_79' title='bbox 158 1757 202 1820; x_wconf 90' lang='lat' dir='ltr'>ad</span> <span class='ocrx_word' id='word_1_80' title='bbox 217 1777 379 1823; x_wconf 86' lang='lat' dir='ltr'>coronam</span> <span class='ocrx_word' id='word_1_81' title='bbox 396 1757 536 1840; x_wconf 82' lang='lat' dir='ltr'>Angliae</span> <span class='ocrx_word' id='word_1_82' title='bbox 555 1766 765 1842; x_wconf 83' lang='lat' dir='ltr'>spectantes,</span> <span class='ocrx_word' id='word_1_83' title='bbox 786 1780 808 1823; x_wconf 91' lang='lat' dir='ltr'>a</span> <span class='ocrx_word' id='word_1_84' title='bbox 824 1761 916 1843; x_wconf 82' lang='lat' dir='ltr'>regis</span> <span class='ocrx_word' id='word_1_85' title='bbox 939 1760 1107 1825; x_wconf 89' lang='lat' dir='ltr'>fidelitate</span> 
     </span>
     <span class='ocr_line' id='line_1_14' title="bbox 157 1858 1106 1942; baseline 0.003 -22"><span class='ocrx_word' id='word_1_86' title='bbox 157 1863 192 1920; x_wconf 94' lang='lat' dir='ltr'>et</span> <span class='ocrx_word' id='word_1_87' title='bbox 208 1858 421 1942; x_wconf 88' lang='lat' dir='ltr'>subjectione</span> <span class='ocrx_word' id='word_1_88' title='bbox 436 1859 598 1935; x_wconf 83' lang='lat' dir='ltr'>absolvit,</span> <span class='ocrx_word' id='word_1_89' title='bbox 621 1858 776 1924; x_wconf 83' lang='lat' dir='ltr'>districte</span> <span class='ocrx_word' id='word_1_90' title='bbox 799 1868 834 1924; x_wconf 89' lang='lat' dir='ltr'>et</span> <span class='ocrx_word' id='word_1_91' title='bbox 850 1862 915 1925; x_wconf 90' lang='lat' dir='ltr'>sub</span> <span class='ocrx_word' id='word_1_92' title='bbox 930 1879 1035 1942; x_wconf 91' lang='lat' dir='ltr'>poena</span> <span class='ocrx_word' id='word_1_93' title='bbox 1047 1880 1106 1923; x_wconf 87' lang='lat' dir='ltr'>ex-</span> 
     </span>
    </p>

    <p class='ocr_par' dir='ltr' id='par_1_4' title="bbox 134 1958 1107 2222">
     <span class='ocr_line' id='line_1_15' title="bbox 134 1958 1106 2042; baseline 0.003 -22"><span class='ocrx_word' id='word_1_94' title='bbox 134 1958 475 2022; x_wconf 87' lang='lat' dir='ltr'>·&#39;communicationis</span> <span class='ocrx_word' id='word_1_95' title='bbox 497 1958 682 2042; x_wconf 83' lang='lat' dir='ltr'>prohibens</span> <span class='ocrx_word' id='word_1_96' title='bbox 703 1960 873 2024; x_wconf 87' lang='lat' dir='ltr'>universis</span> <span class='ocrx_word' id='word_1_97' title='bbox 896 1968 931 2024; x_wconf 90' lang='lat' dir='ltr'>et</span> <span class='ocrx_word' id='word_1_98' title='bbox 948 1960 1106 2041; x_wconf 83' lang='lat' dir='ltr'>singulis,</span> 
     </span>
     <span class='ocr_line' id='line_1_16' title="bbox 156 2058 1107 2142; baseline 0.005 -22"><span class='ocrx_word' id='word_1_99' title='bbox 156 2063 327 2139; x_wconf 86' lang='lat' dir='ltr'>quatenus</span> <span class='ocrx_word' id='word_1_100' title='bbox 353 2058 467 2140; x_wconf 93' lang='lat' dir='ltr'>ipsum</span> <span class='ocrx_word' id='word_1_101' title='bbox 492 2058 528 2122; x_wconf 93' lang='lat' dir='ltr'>in</span> <span class='ocrx_word' id='word_1_102' title='bbox 550 2077 681 2138; x_wconf 88' lang='lat' dir='ltr'>mensa,</span> <span class='ocrx_word' id='word_1_103' title='bbox 703 2059 847 2125; x_wconf 86' lang='lat' dir='ltr'>consilio</span> <span class='ocrx_word' id='word_1_104' title='bbox 872 2068 907 2124; x_wconf 90' lang='lat' dir='ltr'>et</span> <span class='ocrx_word' id='word_1_105' title='bbox 934 2059 1107 2142; x_wconf 91' lang='lat' dir='ltr'>colloquio</span> 
     </span>
     <span class='ocr_line' id='line_1_17' title="bbox 156 2157 484 2223; baseline 0.009 -4"><span class='ocrx_word' id='word_1_106' title='bbox 156 2157 286 2220; x_wconf 88' lang='lat' dir='ltr'>arctius</span> <span class='ocrx_word' id='word_1_107' title='bbox 301 2157 484 2223; x_wconf 82' lang='lat' dir='ltr'>evitarent.</span> 
     </span>
    </p>

    <p class='ocr_par' dir='ltr' id='par_1_5' title="bbox 153 2255 1218 3338">
     <span class='ocr_line' id='line_1_18' title="bbox 219 2255 1191 2341; baseline 0.005 -22"><span class='ocrx_word' id='word_1_108' title='bbox 219 2255 355 2322; x_wconf 82' lang='lat' dir='ltr'>Habuit</span> <span class='ocrx_word' id='word_1_109' title='bbox 378 2264 494 2321; x_wconf 88' lang='lat' dir='ltr'>autem</span> <span class='ocrx_word' id='word_1_110' title='bbox 520 2277 582 2323; x_wconf 87' lang='lat' dir='ltr'>rex</span> <span class='ocrx_word' id='word_1_111' title='bbox 608 2257 674 2324; x_wconf 92' lang='lat' dir='ltr'>hac</span> <span class='ocrx_word' id='word_1_112' title='bbox 698 2257 871 2324; x_wconf 84' lang='lat' dir='ltr'>interdicti</span> <span class='ocrx_word' id='word_1_113' title='bbox 900 2266 1191 2341; x_wconf 68' lang='lat' dir='ltr'>tempestatem</span> <span class='ocrx_word' id='word_1_114' title='bbox 1131 2272 1191 2313; x_wconf 76' lang='lat' dir='ltr'>ohn&#39;·</span> 
     </span>
     <span class='ocr_line' id='line_1_19' title="bbox 156 2324 1218 2441; baseline 0.007 -23"><span class='ocrx_word' id='word_1_115' title='bbox 156 2355 414 2422; x_wconf 89' lang='lat' dir='ltr'>consiliarios&#39;</span> <span class='ocrx_word' id='word_1_116' title='bbox 404 2357 651 2441; x_wconf 89' lang='lat' dir='ltr'>miquissimos,</span> <span class='ocrx_word' id='word_1_117' title='bbox 686 2378 831 2440; x_wconf 91' lang='lat' dir='ltr'>quorum</span> <span class='ocrx_word' id='word_1_118' title='bbox 865 2360 1004 2422; x_wconf 89' lang='lat' dir='ltr'>nomina</span> <span class='ocrx_word' id='word_1_119' title='bbox 1041 2380 1105 2441; x_wconf 84' lang='lat' dir='ltr'>pro</span> <span class='ocrx_word' id='word_1_120' title='bbox 1116 2324 1218 2364; x_wconf 55' lang='lat' dir='ltr'>‘mm‘</span> 
     </span>
     <span class='ocr_line' id='line_1_20' title="bbox 155 2456 1104 2541; baseline 0.004 -23"><span class='ocrx_word' id='word_1_121' title='bbox 155 2463 255 2537; x_wconf 87' lang='lat' dir='ltr'>parte</span> <span class='ocrx_word' id='word_1_122' title='bbox 277 2456 333 2520; x_wconf 90' lang='lat' dir='ltr'>hic</span> <span class='ocrx_word' id='word_1_123' title='bbox 354 2477 482 2539; x_wconf 85' lang='lat' dir='ltr'>ponere</span> <span class='ocrx_word' id='word_1_124' title='bbox 503 2478 572 2521; x_wconf 91' lang='lat' dir='ltr'>non</span> <span class='ocrx_word' id='word_1_125' title='bbox 598 2460 775 2537; x_wconf 83' lang='lat' dir='ltr'>omittam3</span> <span class='ocrx_word' id='word_1_126' title='bbox 799 2459 995 2524; x_wconf 89' lang='lat' dir='ltr'>Willelmus</span> <span class='ocrx_word' id='word_1_127' title='bbox 1018 2479 1104 2541; x_wconf 90' lang='lat' dir='ltr'>quo·</span> 
     </span>
     <span class='ocr_line' id='line_1_21' title="bbox 156 2555 1102 2639; baseline 0.004 -21"><span class='ocrx_word' id='word_1_128' title='bbox 156 2575 223 2637; x_wconf 88' lang='lat' dir='ltr'>que</span> <span class='ocrx_word' id='word_1_129' title='bbox 243 2555 352 2620; x_wconf 85' lang='lat' dir='ltr'>frater</span> <span class='ocrx_word' id='word_1_130' title='bbox 381 2558 472 2639; x_wconf 82' lang='lat' dir='ltr'>regis</span> <span class='ocrx_word' id='word_1_131' title='bbox 496 2565 532 2621; x_wconf 89' lang='lat' dir='ltr'>et</span> <span class='ocrx_word' id='word_1_132' title='bbox 556 2577 671 2622; x_wconf 90' lang='lat' dir='ltr'>comes</span> <span class='ocrx_word' id='word_1_133' title='bbox 694 2558 968 2636; x_wconf 89' lang='lat' dir='ltr'>Saresbiriensis,</span> <span class='ocrx_word' id='word_1_134' title='bbox 995 2556 1102 2622; x_wconf 88' lang='lat' dir='ltr'>Albe-</span> 
     </span>
     <span class='ocr_line' id='line_1_22' title="bbox 157 2655 1103 2735; baseline 0.002 -17"><span class='ocrx_word' id='word_1_135' title='bbox 157 2655 249 2718; x_wconf 87' lang='lat' dir='ltr'>ricns</span> <span class='ocrx_word' id='word_1_136' title='bbox 271 2655 314 2719; x_wconf 93' lang='lat' dir='ltr'>de</span> <span class='ocrx_word' id='word_1_137' title='bbox 324 2655 398 2720; x_wconf 89' lang='lat' dir='ltr'>Ver</span> <span class='ocrx_word' id='word_1_138' title='bbox 413 2676 526 2721; x_wconf 86' lang='lat' dir='ltr'>comes</span> <span class='ocrx_word' id='word_1_139' title='bbox 545 2657 766 2735; x_wconf 83' lang='lat' dir='ltr'>Oxoniensis,</span> <span class='ocrx_word' id='word_1_140' title='bbox 783 2657 973 2722; x_wconf 86' lang='lat' dir='ltr'>Gaufridus</span> <span class='ocrx_word' id='word_1_141' title='bbox 995 2657 1103 2721; x_wconf 91' lang='lat' dir='ltr'>filius-</span> 
     </span>
     <span class='ocr_line' id='line_1_23' title="bbox 156 2753 1101 2840; baseline 0.004 -23"><span class='ocrx_word' id='word_1_142' title='bbox 156 2753 252 2818; x_wconf 87' lang='lat' dir='ltr'>Petri</span> <span class='ocrx_word' id='word_1_143' title='bbox 270 2753 410 2837; x_wconf 84' lang='lat' dir='ltr'>Angliae</span> <span class='ocrx_word' id='word_1_144' title='bbox 433 2756 660 2839; x_wconf 79' lang='lat' dir='ltr'>justiciarius,</span> <span class='ocrx_word' id='word_1_145' title='bbox 682 2763 752 2821; x_wconf 83' lang='lat' dir='ltr'>tres</span> <span class='ocrx_word' id='word_1_146' title='bbox 770 2758 922 2840; x_wconf 90' lang='lat' dir='ltr'>episcopi</span> <span class='ocrx_word' id='word_1_147' title='bbox 945 2758 1101 2836; x_wconf 87' lang='lat' dir='ltr'>curiales,</span> 
     </span>
     <span class='ocr_line' id='line_1_24' title="bbox 156 2853 1104 2937; baseline 0.004 -20"><span class='ocrx_word' id='word_1_148' title='bbox 156 2853 338 2937; x_wconf 86' lang='lat' dir='ltr'>Philippus</span> <span class='ocrx_word' id='word_1_149' title='bbox 363 2854 617 2933; x_wconf 77' lang='lat' dir='ltr'>DunelmensiS,</span> <span class='ocrx_word' id='word_1_150' title='bbox 645 2856 771 2920; x_wconf 89' lang='lat' dir='ltr'>Petrus</span> <span class='ocrx_word' id='word_1_151' title='bbox 789 2856 1041 2921; x_wconf 91' lang='lat' dir='ltr'>Wintoniensis</span> <span class='ocrx_word' id='word_1_152' title='bbox 1068 2866 1104 2922; x_wconf 90' lang='lat' dir='ltr'>et</span> 
     </span>
     <span class='ocr_line' id='line_1_25' title="bbox 154 2953 1104 3032; baseline 0.003 -15"><span class='ocrx_word' id='word_1_153' title='bbox 154 2953 177 3016; x_wconf 85' lang='lat' dir='ltr'>J</span> <span class='ocrx_word' id='word_1_154' title='bbox 179 2953 332 3018; x_wconf 88' lang='lat' dir='ltr'>ohannes</span> <span class='ocrx_word' id='word_1_155' title='bbox 351 2954 588 3032; x_wconf 85' lang='lat' dir='ltr'>Norvicensis,</span> <span class='ocrx_word' id='word_1_156' title='bbox 605 2955 802 3020; x_wconf 82' lang='lat' dir='ltr'>Richardus</span> <span class='ocrx_word' id='word_1_157' title='bbox 819 2957 862 3020; x_wconf 86' lang='lat' dir='ltr'>de</span> <span class='ocrx_word' id='word_1_158' title='bbox 878 2958 1030 3020; x_wconf 79' lang='lat' dir='ltr'>Matisco</span> <span class='ocrx_word' id='word_1_159' title='bbox 1052 2978 1104 3021; x_wconf 87' lang='lat' dir='ltr'>re-</span> 
     </span>
     <span class='ocr_line' id='line_1_26' title="bbox 154 3053 1104 3138; baseline 0.001 -20"><span class='ocrx_word' id='word_1_160' title='bbox 154 3054 209 3136; x_wconf 77' lang='lat' dir='ltr'>gis</span> <span class='ocrx_word' id='word_1_161' title='bbox 231 3053 470 3131; x_wconf 88' lang='lat' dir='ltr'>cancellarius,</span> <span class='ocrx_word' id='word_1_162' title='bbox 494 3054 602 3137; x_wconf 85' lang='lat' dir='ltr'>Hugo</span> <span class='ocrx_word' id='word_1_163' title='bbox 626 3055 669 3119; x_wconf 91' lang='lat' dir='ltr'>de</span> <span class='ocrx_word' id='word_1_164' title='bbox 693 3055 834 3119; x_wconf 87' lang='lat' dir='ltr'>Nevilla</span> <span class='ocrx_word' id='word_1_165' title='bbox 857 3056 1104 3138; x_wconf 84' lang='lat' dir='ltr'>protoforesta-</span> 
     </span>
     <span class='ocr_line' id='line_1_27' title="bbox 153 3152 1103 3237; baseline 0.002 -21"><span class='ocrx_word' id='word_1_166' title='bbox 153 3153 237 3231; x_wconf 89' lang='lat' dir='ltr'>rius,</span> <span class='ocrx_word' id='word_1_167' title='bbox 269 3152 464 3218; x_wconf 90' lang='lat' dir='ltr'>Willelmus</span> <span class='ocrx_word' id='word_1_168' title='bbox 498 3154 542 3218; x_wconf 92' lang='lat' dir='ltr'>de</span> <span class='ocrx_word' id='word_1_169' title='bbox 573 3154 757 3219; x_wconf 87' lang='lat' dir='ltr'>Wrotham</span> <span class='ocrx_word' id='word_1_170' title='bbox 792 3163 910 3219; x_wconf 91' lang='lat' dir='ltr'>custos</span> <span class='ocrx_word' id='word_1_171' title='bbox 941 3163 1103 3237; x_wconf 88' lang='lat' dir='ltr'>portuum</span> 
     </span>
     <span class='ocr_line' id='line_1_28' title="bbox 154 3253 1104 3338; baseline 0.002 -23"><span class='ocrx_word' id='word_1_172' title='bbox 154 3253 271 3331; x_wconf 87' lang='lat' dir='ltr'>maris,</span> <span class='ocrx_word' id='word_1_173' title='bbox 292 3253 468 3318; x_wconf 89' lang='lat' dir='ltr'>Robertus</span> <span class='ocrx_word' id='word_1_174' title='bbox 490 3253 534 3318; x_wconf 89' lang='lat' dir='ltr'>de</span> <span class='ocrx_word' id='word_1_175' title='bbox 555 3253 796 3338; x_wconf 83' lang='lat' dir='ltr'>Veteri-ponte</span> <span class='ocrx_word' id='word_1_176' title='bbox 827 3260 863 3318; x_wconf 92' lang='lat' dir='ltr'>et</span> <span class='ocrx_word' id='word_1_177' title='bbox 890 3255 971 3319; x_wconf 88' lang='lat' dir='ltr'>Yvo</span> <span class='ocrx_word' id='word_1_178' title='bbox 995 3254 1104 3318; x_wconf 83' lang='lat' dir='ltr'>frater</span> 
     </span>
    </p>
   </div>
   <div class='ocr_carea' id='block_1_4' title="bbox 152 3351 1103 4032">
    <p class='ocr_par' dir='ltr' id='par_1_6' title="bbox 152 3351 1103 4032">
     <span class='ocr_line' id='line_1_29' title="bbox 154 3351 1102 3437; baseline 0.001 -22"><span class='ocrx_word' id='word_1_179' title='bbox 154 3352 242 3437; x_wconf 89' lang='lat' dir='ltr'>ejus,</span> <span class='ocrx_word' id='word_1_180' title='bbox 268 3351 415 3416; x_wconf 86' lang='lat' dir='ltr'>Brienus</span> <span class='ocrx_word' id='word_1_181' title='bbox 443 3353 486 3416; x_wconf 93' lang='lat' dir='ltr'>de</span> <span class='ocrx_word' id='word_1_182' title='bbox 511 3352 634 3418; x_wconf 89' lang='lat' dir='ltr'>Insula</span> <span class='ocrx_word' id='word_1_183' title='bbox 662 3361 697 3418; x_wconf 89' lang='lat' dir='ltr'>et</span> <span class='ocrx_word' id='word_1_184' title='bbox 717 3352 906 3418; x_wconf 83' lang='lat' dir='ltr'>Gausridus</span> <span class='ocrx_word' id='word_1_185' title='bbox 934 3354 977 3419; x_wconf 89' lang='lat' dir='ltr'>de</span> <span class='ocrx_word' id='word_1_186' title='bbox 1004 3354 1102 3432; x_wconf 87' lang='lat' dir='ltr'>Luci,</span> 
     </span>
     <span class='ocr_line' id='line_1_30' title="bbox 155 3450 1103 3537; baseline 0.002 -23"><span class='ocrx_word' id='word_1_187' title='bbox 155 3451 264 3534; x_wconf 82' lang='lat' dir='ltr'>Hugo</span> <span class='ocrx_word' id='word_1_188' title='bbox 291 3451 334 3516; x_wconf 91' lang='lat' dir='ltr'>de</span> <span class='ocrx_word' id='word_1_189' title='bbox 359 3450 476 3516; x_wconf 93' lang='lat' dir='ltr'>Bailul</span> <span class='ocrx_word' id='word_1_190' title='bbox 498 3461 533 3517; x_wconf 89' lang='lat' dir='ltr'>et</span> <span class='ocrx_word' id='word_1_191' title='bbox 554 3453 752 3518; x_wconf 82' lang='lat' dir='ltr'>Bernardus</span> <span class='ocrx_word' id='word_1_192' title='bbox 774 3453 881 3520; x_wconf 85' lang='lat' dir='ltr'>frater</span> <span class='ocrx_word' id='word_1_193' title='bbox 906 3454 991 3537; x_wconf 91' lang='lat' dir='ltr'>ejus,</span> <span class='ocrx_word' id='word_1_194' title='bbox 1011 3453 1103 3519; x_wconf 91' lang='lat' dir='ltr'>Wil-</span> 
     </span>
     <span class='ocr_line' id='line_1_31' title="bbox 153 3550 1102 3636; baseline 0.003 -22"><span class='ocrx_word' id='word_1_195' title='bbox 153 3551 276 3616; x_wconf 92' lang='lat' dir='ltr'>lelmus</span> <span class='ocrx_word' id='word_1_196' title='bbox 293 3552 336 3616; x_wconf 89' lang='lat' dir='ltr'>de</span> <span class='ocrx_word' id='word_1_197' title='bbox 351 3550 498 3616; x_wconf 85' lang='lat' dir='ltr'>Cantelu</span> <span class='ocrx_word' id='word_1_198' title='bbox 517 3558 552 3616; x_wconf 89' lang='lat' dir='ltr'>et</span> <span class='ocrx_word' id='word_1_199' title='bbox 565 3552 761 3617; x_wconf 90' lang='lat' dir='ltr'>Willelmus</span> <span class='ocrx_word' id='word_1_200' title='bbox 779 3552 870 3617; x_wconf 93' lang='lat' dir='ltr'>filius</span> <span class='ocrx_word' id='word_1_201' title='bbox 885 3553 973 3636; x_wconf 87' lang='lat' dir='ltr'>ejus,</span> <span class='ocrx_word' id='word_1_202' title='bbox 993 3553 1102 3617; x_wconf 90' lang='lat' dir='ltr'>Fulco</span> 
     </span>
     <span class='ocr_line' id='line_1_32' title="bbox 152 3649 1101 3716; baseline 0 -2"><span class='ocrx_word' id='word_1_203' title='bbox 152 3651 195 3714; x_wconf 87' lang='lat' dir='ltr'>de</span> <span class='ocrx_word' id='word_1_204' title='bbox 213 3649 361 3715; x_wconf 84' lang='lat' dir='ltr'>Cantelu</span> <span class='ocrx_word' id='word_1_205' title='bbox 384 3658 420 3715; x_wconf 92' lang='lat' dir='ltr'>et</span> <span class='ocrx_word' id='word_1_206' title='bbox 438 3650 611 3715; x_wconf 73' lang='lat' dir='ltr'>Heni-icus</span> <span class='ocrx_word' id='word_1_207' title='bbox 638 3652 680 3715; x_wconf 92' lang='lat' dir='ltr'>de</span> <span class='ocrx_word' id='word_1_208' title='bbox 704 3650 887 3716; x_wconf 83' lang='lat' dir='ltr'>cornhelle</span> <span class='ocrx_word' id='word_1_209' title='bbox 910 3654 1101 3716; x_wconf 89' lang='lat' dir='ltr'>vicecomes</span> 
     </span>
     <span class='ocr_line' id='line_1_33' title="bbox 153 3748 1101 3827; baseline 0 -13"><span class='ocrx_word' id='word_1_210' title='bbox 153 3748 301 3827; x_wconf 84' lang='lat' dir='ltr'>Cantiae,</span> <span class='ocrx_word' id='word_1_211' title='bbox 322 3751 498 3814; x_wconf 85' lang='lat' dir='ltr'>Robertus</span> <span class='ocrx_word' id='word_1_212' title='bbox 517 3751 560 3814; x_wconf 90' lang='lat' dir='ltr'>de</span> <span class='ocrx_word' id='word_1_213' title='bbox 581 3752 748 3816; x_wconf 84' lang='lat' dir='ltr'>Braibroc</span> <span class='ocrx_word' id='word_1_214' title='bbox 762 3759 797 3815; x_wconf 92' lang='lat' dir='ltr'>et</span> <span class='ocrx_word' id='word_1_215' title='bbox 815 3749 989 3815; x_wconf 87' lang='lat' dir='ltr'>Henricus</span> <span class='ocrx_word' id='word_1_216' title='bbox 1009 3752 1101 3815; x_wconf 88' lang='lat' dir='ltr'>filius</span> 
     </span>
     <span class='ocr_line' id='line_1_34' title="bbox 152 3848 1101 3934; baseline 0.003 -22"><span class='ocrx_word' id='word_1_217' title='bbox 152 3848 241 3934; x_wconf 90' lang='lat' dir='ltr'>ejus,</span> <span class='ocrx_word' id='word_1_218' title='bbox 260 3849 444 3933; x_wconf 87' lang='lat' dir='ltr'>Philippus</span> <span class='ocrx_word' id='word_1_219' title='bbox 464 3850 506 3914; x_wconf 92' lang='lat' dir='ltr'>de</span> <span class='ocrx_word' id='word_1_220' title='bbox 523 3850 685 3915; x_wconf 92' lang='lat' dir='ltr'>Ulecotes</span> <span class='ocrx_word' id='word_1_221' title='bbox 705 3857 741 3914; x_wconf 90' lang='lat' dir='ltr'>et</span> <span class='ocrx_word' id='word_1_222' title='bbox 757 3851 780 3915; x_wconf 86' lang='lat' dir='ltr'>J</span> <span class='ocrx_word' id='word_1_223' title='bbox 784 3851 935 3914; x_wconf 88' lang='lat' dir='ltr'>ohannes</span> <span class='ocrx_word' id='word_1_224' title='bbox 952 3851 993 3914; x_wconf 90' lang='lat' dir='ltr'>de</span> <span class='ocrx_word' id='word_1_225' title='bbox 1013 3852 1101 3915; x_wconf 83' lang='lat' dir='ltr'>Bas·</span> 
     </span>
     <span class='ocr_line' id='line_1_35' title="bbox 152 3947 1101 4032; baseline 0.003 -20"><span class='ocrx_word' id='word_1_226' title='bbox 152 3949 353 4032; x_wconf 81' lang='lat' dir='ltr'>singburne,</span> <span class='ocrx_word' id='word_1_227' title='bbox 374 3947 557 4032; x_wconf 88' lang='lat' dir='ltr'>Philippus</span> <span class='ocrx_word' id='word_1_228' title='bbox 578 3950 691 4014; x_wconf 89' lang='lat' dir='ltr'>Marci</span> <span class='ocrx_word' id='word_1_229' title='bbox 709 3951 919 4014; x_wconf 88' lang='lat' dir='ltr'>castellanus</span> <span class='ocrx_word' id='word_1_230' title='bbox 944 3952 986 4014; x_wconf 92' lang='lat' dir='ltr'>de</span> <span class='ocrx_word' id='word_1_231' title='bbox 1011 3951 1101 4015; x_wconf 90' lang='lat' dir='ltr'>Not-</span> 
     </span>
    </p>
   </div>
   <div class='ocr_carea' id='block_1_5' title="bbox 150 4117 1104 4248">
    <p class='ocr_par' dir='ltr' id='par_1_7' title="bbox 150 4117 1104 4248">
     <span class='ocr_line' id='line_1_36' title="bbox 200 4117 1104 4191; baseline 0.002 -17"><span class='ocrx_word' id='word_1_232' title='bbox 200 4117 393 4191; x_wconf 69' lang='grc' dir='ltr'>1(Ιιιιιιιιιιιιιι,·]</span> <span class='ocrx_word' id='word_1_233' title='bbox 418 4124 456 4173; x_wconf 82' lang='lat' dir='ltr'>for</span> <span class='ocrx_word' id='word_1_234' title='bbox 471 4126 480 4152; x_wconf 86' lang='lat'>‘</span> <span class='ocrx_word' id='word_1_235' title='bbox 489 4125 643 4189; x_wconf 85' lang='lat' dir='ltr'>Corbulam,&#39;</span> <span class='ocrx_word' id='word_1_236' title='bbox 659 4143 687 4178; x_wconf 88' lang='lat' dir='ltr'>or</span> <span class='ocrx_word' id='word_1_237' title='bbox 708 4124 841 4191; x_wconf 82' lang='lat' dir='ltr'>‘Corbeil,&#39;</span> <span class='ocrx_word' id='word_1_238' title='bbox 862 4129 998 4190; x_wconf 84' lang='lat' dir='ltr'>according</span> <span class='ocrx_word' id='word_1_239' title='bbox 1016 4133 1041 4176; x_wconf 90' lang='lat' dir='ltr'>to</span> <span class='ocrx_word' id='word_1_240' title='bbox 1061 4128 1104 4176; x_wconf 87' lang='lat' dir='ltr'>the</span> 
     </span>
     <span class='ocr_line' id='line_1_37' title="bbox 150 4193 529 4248; baseline 0.008 -4"><span class='ocrx_word' id='word_1_241' title='bbox 150 4194 248 4245; x_wconf 81' lang='lat' dir='ltr'>French</span> <span class='ocrx_word' id='word_1_242' title='bbox 261 4193 397 4243; x_wconf 69' lang='lat' dir='ltr'>nausiator</span> <span class='ocrx_word' id='word_1_243' title='bbox 408 4194 437 4242; x_wconf 81' lang='lat' dir='ltr'>os</span> <span class='ocrx_word' id='word_1_244' title='bbox 446 4194 529 4248; x_wconf 88' lang='lat' dir='ltr'>Paris.</span> 
     </span>
    </p>
   </div>
   <div class='ocr_carea' id='block_1_6' title="bbox 0 0 1434 4876">
    <p class='ocr_par' dir='ltr' id='par_1_8' title="bbox 0 0 1434 4876">
     <span class='ocr_line' id='line_1_38' title="bbox 0 0 1434 4876; baseline 0 2"><span class='ocrx_word' id='word_1_245' title='bbox 0 0 1434 4876; x_wconf 95' lang='lat' dir='ltr'> </span> 
     </span>
    </p>
   </div>
  </div>
 </body>
</html>
