2858 4876
400 396 538 443 ruonns
561 397 827 446 nrsronrnnun.
1020 384 1087 449 313

138 554 173 615 in
189 552 358 634 principio
373 551 566 632 quindecim
584 552 715 615 dierum
733 558 814 615 ante
830 553 954 617 festum
974 558 1084 620 sancti
1097 572 1151 611 uo.
1163 574 1218 612 121⁵·

139 651 333 726 Michaelis,
359 651 498 731 quando
521 651 729 730 agistatores
750 651 893 715 veniunt
917 652 961 715 ad
991 656 1083 736 agis-
1096 622 1208 712 ῗοῗῖἶῖῗθ

139 749 280 814 tandum
302 749 490 812 dominicos
512 750 635 812 boscos
656 756 815 828 nostros3
847 757 882 814 et
901 752 994 815 circa
1016 754 1084 817 fes-

138 857 211 912 tum
226 848 338 911 sancti
352 847 509 924 Martini,
523 847 660 929 quando
676 849 886 930 agistatores
903 852 1012 914 nostri
1027 852 1084 916 de·

136 949 219 1010 bent
236 947 390 1028 accipere
406 947 618 1028 pannagium
634 955 807 1026 nostrum;
828 948 921 1011 etad
938 949 1006 1012 ista
1017 950 1086 1015 duo

138 1046 333 1108 suanimota
349 1045 554 1108 convenient
565 1045 754 1123 forestarii,
772 1047 925 1110 viridarii
943 1055 978 1111 et
994 1050 1084 1130 agis-

138 1150 282 1220 tatores,
296 1152 332 1206 et
345 1143 460 1206 nullus
476 1144 564 1207 alius
579 1163 641 1225 per
657 1145 917 1208 districtionem.
958 1146 1004 1210 Et
1016 1154 1085 1210 ter-

138 1243 226 1307 tium
257 1243 488 1306 suanimotum
515 1250 674 1306 teneatur
701 1244 736 1305 in
764 1243 862 1307 initio
890 1244 1084 1326 quindecim

139 1342 270 1405 dierum
300 1348 381 1404 ante
408 1339 534 1404 festum
567 1342 680 1404 sancti
710 1340 881 1406 Johannis
913 1344 1083 1425 Baptistae

138 1461 201 1523 pro
218 1440 407 1504 foenatione
424 1440 610 1503 bestiarum
625 1448 840 1518 nostrarum
865 1442 960 1505 etad
978 1443 1083 1506 istum

137 1541 369 1604 suanimotum
395 1540 609 1602 convenient
636 1540 820 1616 forestarii,
851 1541 1016 1618 viridarii,
1048 1549 1083 1605 et

137 1659 205 1702 non
223 1639 283 1701 alii
299 1658 361 1720 per
378 1638 637 1701 districtionem.
690 1638 737 1702 Et
751 1645 920 1720 praeterea
936 1639 1083 1720 singulis

137 1737 369 1820 quadraginta
392 1736 511 1799 diebus
538 1756 601 1818 per
625 1742 736 1799 totum
765 1757 893 1799 annum
921 1739 1083 1803 conveni-

138 1845 199 1899 ent
219 1836 372 1900 viridarii
391 1843 426 1898 et
448 1835 619 1898 forestarii
641 1835 684 1897 ad
708 1835 891 1899 videndum
913 1836 1082 1900 attachia·

139 1943 256 1999 menta
274 1936 316 1998 de
337 1935 477 2011 foresta,
499 1942 571 1997 tam
588 1934 630 1997 de
645 1934 745 1997 viridi
763 1953 866 2015 quam
889 1934 930 1997 de
947 1936 1082 1998 venati·

139 2054 217 2111 one,
235 2053 296 2116 per
317 2033 618 2116 praesentationem
641 2033 794 2114 ipsorum
816 2033 1083 2111 forestariorum,

139 2141 174 2197 et
197 2151 312 2195 coram
342 2133 427 2213 ipsis
458 2131 699 2196 attachientur.
767 2131 940 2196 Praedicta
968 2139 1083 2196 autem

140 2232 336 2294 suauimota
358 2250 426 2294 non
444 2238 637 2307 teneantur,
660 2230 726 2293 nisi
747 2230 782 2292 in
804 2232 1023 2294 comitatibus
1046 2232 1083 2295 in

139 2330 264 2410 quibus
281 2329 390 2392 teneri
412 2337 675 2393 consueverunt.
728 2329 975 2411 Unusquisque
996 2331 1083 2393 liber

139 2428 240 2491 homo
261 2429 388 2508 agistet
403 2429 545 2491 boscum
565 2428 716 2490 suumin
733 2426 863 2490 foresta
879 2448 943 2510 pro
962 2429 1082 2492 volun-

137 2533 211 2591 tate
234 2546 309 2603 sua,
335 2534 371 2590 et
389 2527 516 2589 habeat
537 2527 749 2608 pannagium
772 2546 884 2589 suum.
950 2526 1081 2590 Conce-

138 2625 250 2688 dimus
271 2625 388 2701 etiam,
408 2624 500 2705 quod
519 2625 756 2707 unusquisque
775 2625 862 2688 liber
881 2625 983 2689 homo
1000 2645 1081 2707 pos·

137 2726 184 2788 sit
205 2724 329 2787 ducere
356 2742 479 2805 porcos
510 2742 592 2787 suos
620 2743 682 2805 per
707 2724 913 2788 dominicum
939 2726 1082 2788 boscum

139 2832 294 2886 nostrum
314 2823 421 2885 libere
443 2829 478 2885 et
496 2821 570 2884 sine
589 2823 844 2904 impedimento,
867 2831 903 2886 et
922 2823 966 2886 ad
989 2823 1081 2903 agis·

138 2922 281 2984 tandum
302 2940 362 2984 eos
380 2921 416 2982 in
437 2922 550 2984 boscis
570 2922 641 2983 suis
660 2922 820 3003 propriis,
837 2922 893 2985 vel
913 2922 1003 2997 alibi,
1023 2923 1081 2984 ubi

133 3021 307 3098 'voluerit3
331 3027 378 3095 et,
394 3020 424 3082 si
446 3021 542 3100 porci
557 3019 704 3103 alicujus
727 3019 825 3081 liberi
847 3020 993 3084 hominis
1011 3039 1081 3082 una

139 3126 240 3182 nocte
263 3118 542 3200 pernoctaverint
562 3119 597 3180 in
614 3119 743 3180 foresta
764 3125 894 3194 nostra,
911 3138 981 3180 non
1003 3119 1081 3181 inde

138 3218 387 3292 occasionetur,
419 3215 469 3279 ita
499 3215 591 3296 quod
622 3214 750 3297 aliquid
780 3215 822 3278 de
854 3236 918 3280 suo
947 3217 1081 3298 perdat.

141 3316 270 3379 Nullus
301 3315 344 3379 de
375 3322 500 3378 caetero
538 3315 677 3378 amittat
709 3315 815 3378 vitam
843 3318 899 3379 vel
930 3318 1083 3381 membra

139 3435 202 3496 pro
222 3414 404 3478 venatione
424 3424 562 3493 nostra;
586 3414 659 3489 sed,
679 3414 709 3476 si
728 3415 851 3495 aliquis
871 3421 992 3497 captus
1010 3415 1084 3479 suen

139 3514 185 3577 rit
200 3521 236 3576 et
253 3513 432 3576 convictus
452 3513 494 3576 de
515 3513 677 3594 captione
700 3514 905 3590 venationis,
929 3515 1083 3594 graviter

140 3612 340 3688 redimatur,
363 3612 393 3674 si
416 3611 542 3675 habeat
564 3611 653 3674 unde
678 3611 799 3674 redimi
825 3613 957 3694 possit;
982 3612 1031 3691 et,
1053 3615 1083 3677 si

142 3731 211 3773 non
233 3709 337 3773 habet
357 3710 448 3773 unde
471 3711 590 3774 redimi
613 3710 733 3792 possit,
748 3709 866 3793 jaceat
885 3711 921 3774 in
944 3713 1085 3794 prisona

140 3817 260 3873 nostra
281 3829 343 3891 per
365 3829 493 3872 annum
514 3828 620 3871 unum
643 3815 678 3872 et
694 3828 799 3871 unum
820 3811 920 3873 diem.
973 3810 1031 3888 Et,
1054 3812 1084 3874 si

141 3916 220 3991 post
236 3928 364 3971 annum
381 3928 487 3971 unum
503 3915 538 3971 et
553 3909 642 3971 diem
660 3927 767 3970 unum
784 3908 916 3989 plegios
930 3908 1085 3972 invenire

141 4008 263 4090 possit,
284 4014 424 4070 exenta
445 4007 606 4090 prisona3
630 4007 684 4069 sin
702 4014 829 4083 autem,
852 4005 988 4090 abjuret
1007 4026 1085 4088 reg·

141 4127 221 4170 num
244 4115 398 4171 nostrum
420 4105 572 4188 Angliae.
618 4104 834 4187 Quicumque
859 4106 1087 4187 archiepisco-
