2858 4876
315 394 363 458 12.
578 408 711 455 nocant
735 408 782 454 ou
806 408 1012 456 wunnovna

153 585 290 624 annno..
316 588 425 651 usque
451 568 495 630 ad
522 568 672 632 tentoria
699 567 921 649 fugaverunt,
947 575 982 629 et
1011 567 1046 628 in
1073 586 1132 629 ore
1158 565 1269 647 gladii

315 687 374 731 eos
414 668 560 732 insecuti
599 675 730 749 septem
765 668 857 730 acies
895 665 1083 730 infidelium
1119 666 1270 747 turpiter

315 767 563 848 confringendo
587 766 854 849 dissipaverunt,
879 765 1116 830 Baldewinum
1147 765 1267 829 Salaa-

315 866 387 930 dini
422 867 528 929 filium
561 867 818 942 interfecerunt,
840 865 1094 928 Thacaldinum
1124 865 1269 928 fratrem

315 965 392 1049 ejus
417 966 591 1030 lethaliter
611 967 893 1041 vulneraverunt,
909 964 1117 1047 quingentos
1139 972 1269 1047 praeter

315 1085 375 1128 eos
397 1065 573 1129 Salaadini
593 1064 719 1128 milites
738 1072 967 1147 peremerunt.
1007 1065 1099 1128 Dum
1121 1063 1156 1127 in
1174 1064 1267 1128 hunc

315 1165 452 1228 modum
473 1164 692 1228 laudabiliter
711 1172 966 1247 pugnaverunt,
983 1166 1136 1247 quinque
1157 1164 1266 1228 millia

317 1264 462 1327 militum
478 1266 724 1346 eximproviso
736 1272 903 1328 exeuntes
918 1264 1085 1327 insultum
1101 1265 1137 1327 in
1150 1264 1268 1327 Chris-

317 1365 429 1427 tianos
449 1363 625 1442 fecerunt3
653 1364 859 1428 Salaadinus
877 1384 970 1440 vero,
990 1363 1054 1426 hoo
1070 1365 1157 1440 viso,
1174 1365 1267 1428 vires

316 1483 399 1526 suas
422 1464 643 1527 vehementer
669 1465 831 1542 exacuit3
867 1463 1056 1526 Christiani
1078 1472 1193 1526 autem
1219 1483 1265 1527 ex

316 1571 463 1643 utroque
484 1563 592 1626 latare
616 1564 799 1645 angariati,
820 1562 949 1628 vellent
972 1562 1104 1626 nollent
1124 1565 1265 1645 pagani,

316 1661 444 1743 passim
465 1663 595 1726 sesain
616 1663 772 1726 tentoriis
791 1663 937 1726 viriliter
958 1669 1171 1745 receperunt,
1188 1663 1269 1726 Ma-

317 1762 425 1842 gister
443 1768 558 1825 tamen
574 1762 710 1844 Templi
728 1769 763 1826 et
782 1762 898 1844 plures
917 1761 1190 1827 Christianorum
1208 1783 1268 1826 eo-

318 1860 395 1924 dem
411 1861 466 1924 die
486 1863 654 1944 perempti
671 1862 821 1925 fuerunt.

316 2024 437 2088 Nooto'o'
458 2046 494 2093 eoo
505 2033 603 2111 porto
623 2026 703 2111 repis
722 2027 922 2092 Francorum
940 2036 1086 2093 renerent
1105 2028 1151 2093 ool
1170 2051 1268 2116 repono

366 2125 576 2203 Biolordooo,
603 2126 794 2210 postulantes
815 2136 850 2190 ot
869 2128 1150 2214 perepre'ooto'ooeoo
1179 2140 1269 2194 torrae

366 2233 478 2290 saneta
491 2225 586 2290 simol
599 2227 783 2311 oepedireot.

156 2355 258 2404 omnen
361 2350 491 2414 Eodem
510 2371 627 2414 meuse
643 2345 823 2415 ¹Ootobris
844 2351 1266 2428 Rotrodus,00mes1>er-

153 2405 297 2495 iffirllloe
316 2450 468 2526 ticensis,
489 2469 533 2512 ex
554 2457 653 2532 parte
675 2452 766 2532 regis
787 2451 996 2514 Francorum
1019 2453 1116 2515 venit
1135 2453 1168 2514 in
1190 2451 1266 2515 An-

153 2505 270 2595 lffiile
317 2549 422 2631 gliam
442 2550 486 2611 ad
507 2537 621 2630 reg'em
644 2550 868 2627 Richardum,
884 2552 1048 2615 nuntians
1066 2552 1096 2614 ei
1112 2559 1147 2614 et
1164 2553 1266 2615 baro-

317 2649 418 2712 nibus
438 2647 590 2729 Angliae,
611 2650 724 2731 ipsum
747 2658 781 2713 et
804 2670 962 2731 proceres
989 2650 1086 2731 regni
1109 2652 1266 2715 Franciee

316 2748 353 2810 in
369 2748 523 2829 generali
538 2756 710 2813 conventu
727 2749 882 2812 Parisios
893 2750 1043 2832 jurasse,
1066 2751 1157 2832 quod
1174 2751 1267 2815 idem

318 2867 380 2910 rex
404 2867 482 2911 cum
506 2848 578 2911 suis
600 2850 785 2912 baronibus
807 2849 1078 2927 immutabiliter,
1101 2851 1178 2915 Deo
1203 2871 1265 2915 vo·

318 2947 422 3024 lente,
440 2945 504 3012 erit
526 2948 617 3030 apud
631 2941 864 3012 ²Vizcliacum
881 2951 924 3012 ad
943 2951 1098 3013 clausum
1116 2950 1265 3028 Pascha,

320 3047 399 3110 inde
425 3036 706 3131 Hierosolymam
730 3049 966 3135 profecturus3
992 3057 1027 3112 et
1051 3049 1086 3112 in
1113 3052 1268 3114 testimo-

320 3148 414 3210 nium
436 3146 540 3231 hujus
565 3150 772 3213 sacramenti
798 3148 887 3212 idam
911 3169 973 3212 rex
996 3149 1089 3212 misit
1112 3150 1265 3213 chartam

319 3267 417 3311 suam
450 3248 523 3328 rogi
552 3246 758 3328 Anglorum,
789 3255 911 3330 petens
938 3256 977 3312 ut
1004 3250 1078 3331 ipse
1109 3249 1267 3313 similiter

319 3366 396 3410 cum
418 3347 490 3410 suis
512 3348 731 3428 magnatibus
753 3348 860 3412 faciat
881 3368 959 3411 eum
981 3367 1138 3412 securum
1156 3349 1200 3412 ad
1226 3349 1268 3413 il·

319 3446 390 3508 lum
409 3446 590 3510 terminum
607 3446 650 3510 de
670 3465 733 3510 suo
747 3448 870 3511 itinere
886 3449 1147 3531 prosequend03
1172 3449 1264 3513 unde

320 3565 382 3608 rex
396 3544 548 3626 Anglioe,
569 3547 767 3610 convocatis
786 3548 956 3628 episcopis
976 3555 1011 3611 et
1031 3548 1128 3629 regui
1148 3568 1265 3631 proce·

319 3645 414 3707 ribus
436 3645 527 3726 apud
546 3645 904 3722 westmonasterium,
927 3666 948 3709 a
968 3648 1098 3711 nuntiis
1123 3649 1267 3730 praedic-

320 3743 365 3809 tis
391 3751 532 3826 acoepto
556 3753 773 3809 sacramento
798 3746 891 3826 regis
922 3747 1145 3824 Francorum,
1174 3749 1266 3831 quod

320 3844 578 3908 immutabiliter
605 3847 671 3908 iter
695 3865 795 3908 suum
821 3846 1012 3927 expediret,
1040 3846 1122 3911 feeit
1146 3848 1266 3930 jurare

320 3943 545 4021 Willelmum,
571 3946 729 4009 comitem
753 3953 787 4008 et
809 3945 1071 4009 mareschallum
1095 3967 1207 4025 suum,
1230 3950 1265 4012 iu

354 4109 362 4152 ¹
378 4123 497 4173 Octobris.
510 4125 521 4187 ]
545 4125 688 4174 November
696 4139 704 4185 ;
723 4125 777 4174 Ho·
841 4123 1030 4189 2Vo'zolioenm]
1048 4125 1228 4190 ‘vigiliacum'
1240 4131 1267 4177 iu

319 4194 398 4243 reden
413 4194 464 4243 aud
476 4193 607 4292 Bepediet.
805 4195 872 4258 MS,
890 4210 919 4244 as
929 4197 983 4245 also
994 4197 1084 4246 below.
