2858 4876
330 383 379 448 28.
591 398 724 445 noonru
749 399 796 444 oo
820 362 1026 447 wunnoynn

168 576 292 618 noum.
332 577 440 640 quens
468 558 515 621 ibi
551 557 799 638 Berengariam
835 556 942 622 liliam
974 558 1066 638 rogis
1101 543 1295 630 Navarrae,

331 677 435 739 quam
457 658 547 721 idem
570 678 632 720 rex
655 658 821 720 ducturus
844 665 919 721 erat
947 676 1111 734 uxorem3
1142 657 1294 720 dederat

331 778 480 841 namque
495 778 557 822 rex
570 758 766 821 Richardus
778 758 895 820 decem
912 757 1021 822 millia
1035 759 1200 823 librarum
1212 757 1295 839 regi

334 859 548 924 Francorum
572 879 635 940 pro
652 859 771 941 quieta
787 857 994 923 clamatione
1017 859 1060 922 de
1082 878 1199 923 sorore
1222 877 1295 923 sua

332 959 498 1037 ducenda,
527 979 597 1042 quo
629 959 733 1023 etiam
764 966 866 1040 pacto
893 978 956 1021 rex
986 959 1199 1023 Francorum
1226 978 1291 1023 ca-

332 1059 510 1136 lumniam,
527 1079 630 1142 quam
645 1059 795 1123 habehat
816 1059 852 1121 in
875 1059 1020 1124 castello
1042 1060 1085 1122 de
1102 1058 1228 1123 Gisorz
1244 1067 1288 1123 'et

333 1160 375 1224 de
402 1168 477 1224 toto
495 1160 661 1242 Vegesin,
686 1161 949 1242 inperpetuum
978 1160 1161 1224 relaxavit.
1213 1159 1302 1247 Eos

333 1261 409 1325 dem
438 1280 529 1325 anno
560 1260 775 1337 Fredericus,
807 1259 1046 1324 Romanorum
1082 1261 1288 1343 imperator,

333 1379 461 1424 annum
483 1381 591 1444 agens
615 1361 749 1443 imperii
776 1359 1091 1442 quadragesimum,
1113 1361 1195 1424 dum
1218 1380 1289 1443 per

334 1461 535 1544 Bulgariam
561 1461 840 1543 Hierosolymam
864 1460 1020 1525 tenderet
1050 1470 1085 1525 et
1119 1463 1162 1525 ab
1188 1462 1290 1527 Yco·

332 1563 391 1625 nio
425 1581 545 1626 versus
580 1560 801 1626 Antiochiam
840 1561 1024 1625 transitum
1055 1562 1195 1639 iaceret,
1232 1556 1289 1626 ¹in

333 1662 452 1739 fluvio,
467 1664 527 1745 qui
550 1662 680 1745 Saphet
703 1663 911 1745 appellatur,
936 1662 1089 1726 exercitu
1108 1683 1171 1728 suo
1188 1663 1289 1726 salu-

335 1763 440 1827 briter
466 1771 679 1840 transeunte,
706 1764 801 1827 solus
824 1781 913 1844 equo
940 1763 1101 1827 decidens
1128 1764 1291 1827 submer-

337 1882 397 1926 sus
415 1871 479 1927 est.

383 2035 425 2101 Ut
441 2034 544 2104 heolus
559 2049 681 2123 martyr
698 2040 828 2104 Thomas
844 2039 1009 2105 reaomhus
1024 2041 1146 2127 rcuoipt'o'
1162 2041 1243 2129 repis

618 2139 777 2205 Biclaro·
791 2142 988 2226 apparuerit.

393 2263 524 2328 Eodem
541 2283 630 2329 anno
647 2266 823 2346 navigium
839 2265 931 2346 regis
942 2263 1094 2347 Angliae,
1112 2285 1173 2348 per
1188 2285 1292 2332 mare

331 2364 450 2428 multis
471 2365 655 2446 fatigatum
678 2366 853 2447 periculiS,
874 2385 951 2428 eum
971 2385 1092 2429 versus
1116 2366 1289 2432 Ulixebo-

331 2484 413 2528 nam
435 2464 661 2542 velificarent,
689 2472 724 2528 et
748 2466 983 2547 praeterissent
1012 2465 1185 2548 quandam
1215 2474 1293 2531 ter.

332 2584 407 2628 ram
426 2565 463 2627 in
489 2565 577 2626 mari
598 2572 809 2646 protensam,
833 2585 911 2648 quae
933 2565 1106 2630 Godester
1127 2566 1289 2649 appella·

334 2674 403 2740 tur,
431 2672 467 2727 et
483 2664 718 2745 praeterissent
736 2665 966 2744 Britanniam,
988 2667 1155 2731 habentes
1183 2687 1290 2733 sanc·

334 2775 408 2828 tum
421 2763 628 2828 Matthaeum
646 2766 688 2828 de
706 2766 830 2829 finibus
846 2774 948 2830 terrae
963 2767 999 2831 in
1016 2768 1157 2831 sinistra
1172 2776 1289 2850 parte,

335 2874 371 2929 et
395 2884 489 2928 mare
520 2884 697 2946 magnum,
728 2886 798 2949 quo
829 2866 899 2930 itur
931 2867 1223 2951 Hierosolymam,
1249 2870 1290 2937 in

334 2966 471 3042 dextra,
497 2965 700 3030 dimiserunt
726 2965 921 3031 Pictaviam
944 2976 979 3031 et
999 2968 1223 3033 Waseoniam
1248 2969 1288 3033 in

335 3066 477 3129 sinistra
493 3074 591 3148 parte
609 3067 750 3148 navigii.
775 3067 834 3144 Et,
850 3088 928 3130 cum
943 3068 1118 3133 venissent
1134 3067 1171 3131 in
1188 3088 1288 3135 mare

336 3163 578 3247 Hispanicum,
607 3165 662 3230 die
687 3168 879 3232 Dominicae
905 3169 1113 3232 ascensionis
1137 3163 1289 3236 ²invasit

335 3265 512 3347 navigium
541 3274 728 3348 tempestas
757 3268 874 3332 valida
900 3277 935 3331 et
962 3268 1146 3347 horribilis,
1169 3280 1205 3334 et
1229 3289 1288 3335 se-

335 3374 497 3450 paratum
526 3375 579 3431 est
607 3368 650 3430 ab
675 3367 821 3432 invicem
847 3369 882 3432 iu
912 3378 1109 3447 moment03
1142 3378 1177 3433 et
1202 3370 1286 3436 dum

336 3474 521 3550 tempestas
537 3466 687 3544 saeviret,
710 3477 745 3531 et
768 3489 897 3542 omnes,
914 3470 994 3533 dum
1019 3470 1284 3549 tribularentur,

334 3568 525 3632 clamarent
541 3567 585 3631 ad
601 3567 799 3644 Dominum,
821 3571 944 3634 heatus
967 3579 1098 3653 martyr
1118 3570 1289 3650 Thomas,

336 3667 596 3731 Cantuariensis
619 3667 909 3750 archiepiscopus,
932 3690 993 3752 per
1016 3679 1087 3734 tres
1105 3672 1198 3734 vices
1221 3674 1288 3735 tri-

371 3811 508 3877 ¹1nstuvio
520 3847 526 3862 .
541 3849 547 3862 .
560 3847 567 3863 .
579 3812 715 3862 submersus
732 3807 796 3881 est]
822 3815 881 3876 this,
895 3816 951 3864 that
965 3815 1035 3864 there
1049 3817 1081 3865 he
1096 3816 1146 3865 lost
1163 3817 1203 3865 his
1219 3813 1290 3878 liie3’

337 3883 388 3931 His
399 3883 475 3932 death
484 3883 529 3931 has
538 3885 601 3932 been
609 3884 642 3944 by
649 3898 717 3932 some
727 3885 797 3933 attri-
824 3885 893 3946 Holy
904 3887 1002 3946 Wurre,
1013 3887 1050 3935 iii.
1063 3884 1108 3951 §ch
1144 3886 1192 3936 See
1204 3887 1289 3936 Νενι-

336 3953 414 4002 buted
430 3958 456 4002 to
467 3952 507 4001 his
518 3953 623 4016 buthing
635 3955 661 4002 in
673 3954 714 4003 the
727 3953 795 4015 Cyd·
822 3955 914 4018 burgh,
925 3957 960 4007 iv.
971 3955 984 4022 ξ
997 3961 1036 4007 13.

336 4039 394 4085 nus,
405 4039 433 4071 or
445 4023 616 4084 Calycadnus,
630 4025 665 4084 by
676 4025 760 4073 others
772 4030 797 4073 to

335 4093 541 4155 hisiallingsrom
554 4094 706 4143 hishorseiu
715 4110 796 4143 cross·
857 4092 972 4145 ²lnousit
987 4098 1113 4160 mtoigium
1133 4093 1288 4167 tenpestas]

334 4165 379 4226 ing
393 4165 435 4212 the
450 4165 528 4224 rirer3
548 4165 593 4213 hut
609 4165 653 4226 all,
670 4180 699 4214 us
711 4166 798 4214 Fuller
824 4166 955 4217 Benedict.
974 4168 1042 4219 Ahb.
1062 4185 1088 4230 p.
1108 4171 1172 4229 5943
1200 4167 1292 4218 Hore-

335 4249 405 4297 soys,
416 4233 505 4283 ‘make
521 4251 537 4284 a
548 4233 643 4285 dolelul
656 4241 755 4285 concert
771 4237 796 4287 in
822 4236 881 4299 den,
891 4241 949 4288 668.
