2858 4876
399 394 538 444 rnonns
562 395 832 446 ursronmauu.
1020 383 1086 447 285

134 555 226 637 regis
243 563 278 620 et
291 557 528 623 ministrorum
545 559 621 642 ejus
640 560 880 641 persecutione
903 557 1084 643 corporum
1098 573 1153 613 Ab·
1165 573 1220 611 ¹²¹⁴·

132 674 274 720 suorum
291 664 327 721 et
336 678 461 735 rerum,
479 658 573 736 dum,
584 659 685 723 bonis
697 679 814 723 eorum
833 661 991 723 omnibns
1004 681 1086 725 con·

134 756 264 821 fiscatis
288 764 323 821 et
339 758 540 841 corporibus
562 759 736 836 laceratis
760 779 828 842 qno
851 778 873 822 a
892 760 1016 842 spiritu
1032 760 1086 824 fu·

133 857 222 920 roris
241 857 457 922 inimicorum
482 877 519 922 se
539 866 725 936 verterent,
747 859 966 941 ignorabant.
1020 860 1086 924 Le·

134 963 238 1037 gatus
262 977 345 1022 vero
367 959 538 1023 universae
563 957 775 1022 multitudini
802 960 1085 1040 conquerentium
1118 961 1120 965 ’

135 1055 186 1120 ita
201 1057 392 1139 respondit,
406 1056 510 1141 quod,
526 1058 698 1135 videlicet,
712 1057 755 1121 de
771 1058 906 1122 damnis
918 1078 1036 1123 eorum
1051 1067 1086 1123 et

136 1153 272 1239 injuriis
287 1157 324 1220 in
343 1157 452 1222 literis
470 1157 599 1221 domini
619 1177 720 1240 papae
737 1159 834 1222 nulla
847 1158 975 1223 mentio
992 1159 1087 1224 facta

133 1255 258 1334 luerat,
280 1257 373 1321 unde
391 1277 454 1321 nec
477 1257 596 1321 debuit
613 1277 676 1321 nec
697 1257 739 1320 de
758 1258 838 1341 jure
858 1259 973 1341 potuit
989 1277 1087 1322 man-

135 1354 208 1419 dati
233 1357 415 1439 apostolici
438 1357 523 1422 fines
549 1357 748 1440 praeterire3
775 1358 835 1421 sed
863 1364 979 1423 tamen
1003 1378 1086 1422 oon-

136 1454 250 1519 silium
266 1456 372 1534 dedit,
396 1463 435 1520 ut
452 1457 494 1521 de
516 1457 651 1540 injuriis
674 1463 709 1520 et
731 1457 865 1522 damnis
888 1477 1004 1522 coram
1026 1458 1087 1522 do·

135 1555 229 1618 mino
247 1575 340 1639 papa
361 1556 535 1640 querelam
556 1555 780 1638 deponerent,
798 1564 834 1622 et
849 1565 1006 1640 peterent
1022 1558 1088 1623 sibi

133 1653 282 1737 justitiae
299 1656 548 1738 plenitudinem
564 1656 730 1720 exhiberi.
785 1656 853 1720 His
867 1658 974 1739 igitur
988 1657 1088 1721 audi-

136 1755 195 1831 tis,
222 1755 432 1821 universitas
463 1756 524 1820 illa
552 1757 832 1837 conquerentium
864 1758 1088 1839 praelatorum

136 1854 213 1923 siue
236 1874 299 1936 spe
322 1856 471 1920 melioris
494 1862 684 1938 proventus
707 1854 750 1919 ad
771 1857 911 1939 propria
934 1863 1015 1920 sunt
1035 1877 1088 1920 re·

138 1954 241 2018 versi.
277 1955 408 2019 Eodem
423 1962 578 2038 tempore
594 1953 787 2032 lohannes,
803 1957 911 2020 abbas
933 1956 1087 2020 ecclesiae

136 2055 249 2118 sancti
259 2053 400 2132 Albani,
415 2047 467 2118 ¹in
485 2055 540 2118 die
555 2055 649 2119 beati
665 2053 826 2118 Kenelmi
840 2056 932 2137 regis
949 2064 984 2119 et
995 2074 1086 2119 mar·

139 2153 238 2236 tyris,
262 2154 395 2218 decimo
416 2174 507 2220 nono
531 2154 745 2235 praelationis
759 2174 832 2219 suae
848 2174 952 2232 anno,
967 2156 1020 2218 vir
1034 2175 1087 2219 re·

137 2253 283 2340 ligiosus
298 2261 333 2318 et
349 2253 546 2318 inscientia
562 2253 689 2317 literali
706 2254 749 2317 ad
766 2255 904 2336 plenum
921 2254 1088 2332 eruditus,

136 2352 174 2415 in
188 2360 366 2419 senectute
381 2355 472 2418 bona
486 2354 575 2418 diem
592 2353 718 2417 clausit
732 2362 935 2418 extremum.

198 2524 241 2589 Ut
255 2546 309 2590 ren
323 2527 480 2593 Jolusnues
496 2528 659 2592 marolium
673 2549 763 2592 suom
778 2530 813 2594 iu
827 2527 1034 2592 Britanniam
1079 2585 1082 2609 ζ

508 2628 708 2712 promoverit.

189 2750 261 2813 Sub
277 2749 398 2814 diebus
412 2751 488 2814 istis
505 2750 697 2829 lohannes,
711 2772 772 2816 rex
786 2752 995 2834 Anglorum,
1011 2773 1091 2836 pro·
1102 2772 1225 2812 rounam

139 2851 249 2916 movit
275 2850 466 2914 exercitum
494 2870 595 2914 suum
624 2870 645 2915 a
672 2852 833 2916 Pictavia
857 2854 893 2916 in
922 2823 1252 2922 minorem'll‘lldinl'

138 2949 369 3026 Britanniam,
393 2951 601 3014 continuans
627 2953 738 3014 tribus
762 2950 882 3015 diebus
905 2972 983 3016 cum
1007 2953 1090 3017 toti·

138 3043 216 3112 dem
231 3050 401 3113 noctibus
443 3049 597 3114 Veniens
610 3051 750 3115 tandem
769 3070 877 3133 prope
901 3052 1090 3129 civitatem,

139 3168 217 3231 quae
235 3148 372 3213 Nautes
388 3149 434 3212 ab
447 3149 569 3214 incolis
587 3151 795 3232 appellatur,
817 3169 893 3214 earn
917 3150 1089 3215 debellare

138 3247 331 3331 disposuit3
355 3248 415 3312 sod
432 3248 525 3313 cives
539 3256 574 3313 et
588 3250 727 3328 milites,
744 3269 831 3332 quos
850 3251 885 3313 in
905 3250 981 3334 ejus
1000 3271 1089 3332 prae-

138 3347 227 3412 sidio
244 3367 307 3412 rex
324 3348 537 3412 Francorum
554 3357 728 3430 posuerat,
752 3369 828 3413 cum
850 3350 942 3431 regis
957 3348 1090 3431 Anglo-

139 3467 218 3511 rum
234 3448 421 3512 adventum
437 3448 694 3529 cognovissent,
715 3450 874 3513 exierunt
888 3450 1025 3514 obviam
1047 3450 1091 3528 ei,

139 3547 226 3611 etin
247 3547 392 3612 introitu
411 3547 592 3631 cujusdam
611 3547 739 3631 pontis„
766 3548 825 3632 qni
841 3569 910 3613 non
926 3549 1029 3631 longe
1047 3550 1092 3613 ab

138 3648 223 3711 urbe
241 3646 405 3724 distabat,
423 3666 501 3711 cum
517 3649 671 3712 exercitu
689 3649 780 3731 regis
798 3647 991 3730 Anglorum
1010 3669 1092 3713 con-

139 3746 250 3827 gressi
275 3753 377 3827 sunt3
408 3747 468 3810 sed
486 3767 548 3811 rex
571 3746 594 3811 J
597 3748 762 3825 ohannes,
786 3748 902 3812 Marte
925 3749 991 3811 sibi
1014 3768 1091 3830 pro·

138 3846 238 3928 pitio,
263 3844 444 3911 'victoriam
473 3847 613 3910 tandem
644 3846 789 3929 adeptus
808 3848 936 3938 uiginti
964 3848 1092 3912 milites

139 3946 177 4008 in
200 3945 261 4011 illo
287 3940 450 4010 conflictu
473 3948 583 4038 cepit,
599 3955 634 4011 et
655 3948 745 4010 iuter
764 3955 907 4011 caeteros
929 3946 1037 4010 filium
1057 3954 1093 4011 et

175 4119 224 4170 1Ιπ
241 4121 282 4169 die
299 4120 365 4170 beuti
384 4121 527 4185 Kenrtmi]
552 4122 606 4171 The
631 4122 772 4171 succeeded
782 4123 816 4184 by
823 4124 935 4172 William
943 4122 1093 4188 'l'rumping-

140 4191 199 4241 ltth
214 4190 244 4240 ol
259 4191 332 4252 July.
368 4191 454 4241 Abbot
465 4192 534 4241 John
552 4207 606 4241 was
630 4196 690 4253 ton;
708 4207 750 4241 see
762 4193 827 4243 Mat.
840 4194 924 4256 Paris,
935 4208 961 4254 p.
974 4196 1030 4244 114.
