2858 4876
432 406 570 454 ruoans
595 407 865 456 nrsronmaun.
1056 391 1122 457 227

172 565 263 628 bono
300 566 396 647 pacis
429 559 626 631 ¹duodeeim
660 567 769 630 millia
804 586 938 630 marcas
974 568 1120 648 argenti,
1133 581 1256 622 A·1>·¹20⁹·

172 671 207 728 et
230 665 374 748 insuper
397 666 442 730 ad
472 667 637 750 majorem
665 668 885 731 securitatem
914 667 1065 731 traderet
1089 668 1120 730 ei

172 758 277 828 duas²
297 766 388 830 filias
411 785 492 829 suas
514 768 550 828 in
571 768 778 844 obsidatum,
808 774 847 831 ut
862 786 925 850 per
946 767 1011 830 hoc
1030 767 1121 830 iuter

171 883 230 928 eos
261 885 333 948 pax
364 866 493 930 firmior
526 865 720 930 haberetur.
774 867 970 931 Recedente
1002 867 1120 949 itaque

171 961 366 1045 Anglorum
398 985 480 1047 rege
511 973 636 1048 quarto
671 965 837 1029 kalendas
868 966 957 1031 Julii
988 985 1010 1029 a
1042 985 1118 1031 cas-

171 1063 253 1128 tello
274 1073 475 1141 memorato,
495 1066 661 1147 praecepit
675 1085 738 1148 per
756 1065 904 1130 forestas
922 1067 1028 1130 totius
1045 1066 1120 1130 An-

172 1162 252 1244 gliae
288 1183 387 1246 sepes
423 1166 621 1229 comburere
656 1173 692 1229 et
719 1166 852 1230 fossata
887 1165 1119 1249 complanare,

171 1262 261 1326 datis
280 1264 437 1346 frugibus
455 1266 721 1348 circumquaque
743 1266 861 1330 bestiis
884 1265 928 1329 ad
950 1266 1119 1329 devoran-

171 1362 261 1426 dum.
314 1364 450 1429 Deinde
469 1366 561 1447 oepit
580 1364 744 1447 homagia
762 1366 805 1429 de
826 1366 984 1429 omnibns
1009 1362 1119 1428 homi-

171 1462 272 1526 nibus
292 1463 399 1528 libere
414 1466 622 1541 tenentihuS,
640 1474 675 1528 et
693 1466 798 1529 etiam
815 1465 995 1529 duodecim
1012 1484 1119 1529 anno·

171 1581 246 1625 rum
266 1565 394 1647 pueriS,
409 1565 517 1629 totius
539 1565 648 1646 regni,
666 1584 753 1647 quos
776 1584 894 1629 omnes
917 1572 997 1647 post
1012 1564 1121 1628 fideli-

171 1667 277 1726 tatem
299 1664 428 1727 factam
453 1665 489 1728 in
512 1664 669 1729 osculum
691 1666 788 1748 pacis
811 1665 940 1746 recepit
960 1683 1001 1729 ac
1023 1663 1121 1728 dimi-

171 1762 228 1827 sit.
279 1763 476 1828 Wallenses
498 1784 593 1841 vero,
608 1765 700 1846 quod
722 1766 892 1829 anteactis
910 1765 1120 1846 temporibus

172 1861 284 1927 fuerat
307 1863 513 1940 inauditum,
538 1865 630 1946 apud
654 1863 849 1930 Wodstoke
874 1865 1052 1929 venientes
1076 1864 1120 1927 ad

172 1981 288 2044 regem
313 1962 476 2045 homagia
500 1964 656 2029 fecerunt
679 1964 818 2042 ibidem,
840 1965 921 2028 licet
941 1971 1011 2027 tam
1034 1964 1121 2027 divi-

171 2062 264 2125 tibus
281 2082 385 2144 quam
407 2064 616 2146 pauperibus
635 2073 726 2129 esset
743 2083 938 2129 onerosum.
991 2063 1120 2127 Eodem

172 2180 264 2225 anno
285 2156 410 2240 ³0th0,
429 2163 520 2226 filius
539 2163 636 2226 ducis
656 2164 821 2228 Saxoniae
843 2170 1006 2245 atnepos
1028 2163 1120 2244 regis

170 2258 322 2342 Angliae,
345 2281 367 2325 a
388 2281 480 2344 papa
509 2262 714 2327 Innocentio
741 2264 844 2327 tertio
870 2264 905 2326 in
934 2263 1121 2344 imperato-

170 2380 241 2424 rem
276 2361 472 2425 Romanum
505 2361 627 2425 Romae
656 2369 876 2426 consecratus
909 2369 963 2425 est
994 2369 1119 2445 quarto

170 2479 280 2525 nonas
296 2461 466 2526 Octobris.

221 2560 291 2624 Per
310 2561 400 2626 idem
422 2569 559 2644 tempus
579 2562 723 2626 clericus
749 2562 901 2645 quidam,
924 2560 1017 2644 apud
1044 2560 1118 2625 Ox·
1133 2573 1253 2663 gffvdeeffit

170 2661 285 2726 oniam
315 2662 514 2725 liberalibus
542 2681 671 2727 vacans
708 2662 910 2744 disciplinis,
944 2661 1119 2725 mulierem
1134 2674 1251 2713 ofOxford·

170 2761 343 2843 quandam
376 2781 457 2825 casu
489 2761 674 2838 interfecit,
707 2781 810 2844 quam
841 2781 918 2825 cum
947 2768 1120 2825 mortuam

170 2860 461 2945 deprehendisset,
483 2862 682 2944 perfugam
704 2863 769 2925 sibi
792 2861 978 2925 consuluit.
1024 2860 1120 2924 Prae·

171 2959 281 3024 fectus
304 2968 420 3025 autem
436 2962 531 3024 urbis
547 2969 581 3025 et
598 2961 698 3024 multi
713 2961 773 3025 alii
793 2967 1025 3036 accurrentes,
1041 2979 1119 3023 cum

171 3061 348 3125 mulierem
370 3062 564 3124 exanimem
587 3062 805 3136 invenerunt,
827 3068 1009 3142 coeperunt
1025 3079 1119 3142 quae·

170 3179 245 3223 rere
262 3159 467 3224 homicidam
490 3161 587 3224 illum
606 3161 643 3224 in
664 3160 814 3243 hospitio
832 3178 908 3236 suo,
930 3158 1023 3242 quod
1042 3178 1118 3223 cum

170 3259 280 3324 tribus
294 3260 398 3323 sociis
414 3261 486 3323 suis
503 3260 636 3324 clericis
653 3260 830 3325 locaverat
843 3280 852 3338 ;
876 3267 911 3323 et
927 3259 1010 3322 facti
1024 3278 1120 3321 reum

205 3439 359 3487 ¹Dnodeeim
379 3439 459 3488 millio
481 3453 574 3486 murcos
590 3453 631 3485 ur·
656 3437 723 3485 them
747 3436 810 3484 with
833 3435 938 3496 clothes,
960 3439 1009 3484 etc.
1032 3435 1058 3482 iu
1077 3434 1120 3483 the

169 3503 269 3576 genta]
286 3508 432 3570 According
442 3513 468 3557 to
479 3507 522 3556 the
533 3507 632 3556 charter
657 3507 732 3555 Closs
753 3505 835 3567 Rods,
851 3521 896 3567 pp.
920 3508 976 3567 139,
996 3508 1052 3565 144,
1070 3518 1120 3567 seq.

169 3578 269 3640 printed
280 3579 307 3626 in
318 3578 421 3639 Rymer,
432 3577 474 3627 the
491 3591 549 3626 aum
560 3578 582 3625 is
593 3575 631 3624 fif·
661 3579 716 3624 157.

169 3653 226 3698 taen
237 3648 363 3697 thousand
374 3648 475 3708 marks3
492 3647 510 3695 i.
522 3663 549 3708 p.
562 3650 619 3694 loa.
693 3642 781 3692 ³Otlto
800 3680 806 3693 .
826 3680 832 3693 .
852 3679 858 3693 .
876 3648 1026 3692 consecratus
1050 3643 1119 3706 eat]

206 3714 298 3768 ’Dauo
313 3717 417 3783 filtra]
447 3717 525 3765 Thmr
546 3729 633 3764 names
658 3714 802 3774 According
817 3718 843 3762 to
857 3714 928 3763 Will.
945 3714 1026 3774 Brito,
1043 3712 1121 3773 chap-

170 3801 237 3837 ware
254 3788 386 3848 Margaret
403 3787 454 3834 aud
471 3786 573 3846 Isabel;
591 3785 633 3833 the
658 3786 710 3833 lain
721 3784 750 3832 of
759 3783 846 3843 Philip
858 3783 1002 3844 Augustus,
1016 3783 1121 3830 ‘contra

170 3856 261 3907 former
271 3872 327 3907 was
338 3858 364 3905 iu
375 3857 418 3905 the
430 3856 561 3917 following
573 3869 635 3916 year
659 3855 813 3903 voluntatem
825 3853 951 3914 Philippi,
961 3857 987 3901 et
997 3851 1122 3901 contradi·

172 3927 280 3976 married
296 3933 322 3976 to
339 3927 420 3988 Hugh
437 3926 469 3975 de
487 3925 575 3987 Burgh
592 3924 634 3973 the
659 3925 837 3983 centibus0pro
853 3924 964 3971 maxima
982 3926 1053 3982 parte
1071 3921 1123 3969 Ro·

167 3996 312 4059 justiciary,
327 3996 370 4045 the
388 3996 463 4045 latter
480 4001 506 4045 to
523 3996 565 4043 the
583 3996 634 4042 eorl
660 3994 751 4053 manis,
759 3994 835 4041 immo
846 3998 871 4041 et
879 3993 965 4041 multis
977 3992 1009 4039 de
1021 4004 1123 4052 magna·

171 4066 290 4116 marshal.
332 4067 379 4114 See
396 4066 511 4127 frequent
527 4066 636 4114 mention
660 4064 728 4112 tibus
737 4064 837 4124 imperii
845 4078 894 4111 non
905 4061 1099 4111 assentientibus
1105 4054 1122 4120 ;’

171 4136 199 4184 of
207 4149 332 4197 expensas
343 4136 458 4185 incurred
469 4137 495 4184 in
503 4134 636 4197 providing
662 4134 724 4182 Rec.
736 4133 781 4181 des
794 4132 863 4182 Hist.
875 4133 937 4180 xvii.
948 4146 975 4192 p.
987 4135 1028 4180 at.

976 4229 1019 4273 02
