2858 4876
188 887 245 927 John

349 367 414 431 244
604 380 738 428 aueum
764 379 810 426 uu
834 379 1042 428 wunnovun

392 607 435 671 Ut
449 626 502 671 rou
516 605 673 670 Joluuuos
685 603 818 670 hostibus
833 602 1110 690 superuenientibus
1125 603 1262 667 resistere

745 705 908 770 studuerit.

189 836 312 877 ΜΛΝ·
402 830 483 894 Rex
512 828 704 912 Anglorum
735 830 758 894 J
762 829 914 893 ohannes
948 829 990 893 de
1021 830 1193 907 omnibus,
1225 849 1305 912 quae

186 942 314 987 rreoarerto
351 931 388 994 iu
410 931 650 995 transmarinis
679 931 836 1012 partibus
869 930 1075 1011 agebantur,
1097 949 1160 1012 per
1181 930 1305 1012 explo-

189 995 247 1029 meet
256 991 292 1030 the

190 1039 272 1080 Freneh

188 1089 293 1131 invasion.

351 1038 485 1094 ratores
512 1029 655 1094 edoctus
687 1029 855 1111 cogitavit
883 1030 1033 1113 qualiter
1064 1030 1188 1094 callide
1218 1031 1304 1094 iusi-

352 1130 417 1193 diis
443 1130 508 1193 sibi
536 1131 667 1211 paratis
696 1129 855 1192 resistere
884 1129 1082 1210 potuisset3
1122 1130 1204 1194 fecit
1234 1131 1303 1194 ita·

351 1249 419 1310 que
445 1249 562 1292 mense
593 1230 722 1293 Martio
749 1229 839 1291 idem
871 1249 932 1292 rex
959 1229 1154 1294 inbreviare
1182 1250 1303 1294 omnes

351 1349 458 1393 naves
485 1328 527 1392 de
550 1329 719 1393 universis
752 1329 919 1411 portubus
943 1330 1049 1392 totius
1072 1327 1212 1412 Angliae
1242 1351 1304 1413 per

351 1429 416 1494 hoe
446 1430 563 1505 breve,
595 1428 688 1511 quod
721 1428 868 1510 singulis
901 1437 1063 1509 portuum
1097 1430 1235 1494 bailivis
1266 1432 1303 1494 in

351 1529 425 1606 haee
453 1530 560 1592 verba
589 1528 738 1608 direxit3
763 1528 813 1592 ‘J
817 1528 969 1591 ohannes
1002 1549 1063 1592 rex
1093 1528 1245 1611 Angliae,
1268 1539 1303 1595 et

350 1635 488 1692 caetera.
541 1628 766 1710 Praecipimus
785 1629 859 1706 tibi,
875 1635 1045 1710 quatenus
1068 1630 1200 1706 statim,
1218 1630 1302 1694 visis

349 1728 458 1792 literis
476 1728 564 1806 istis,
582 1749 641 1791 eas
659 1729 694 1791 in
715 1729 856 1809 propria
877 1747 1025 1810 persona
1049 1748 1212 1792 unacum
1230 1731 1301 1795 bai-

349 1829 428 1892 livis
452 1836 612 1911 portuum
636 1828 678 1891 ad
702 1829 858 1910 singulos
881 1837 1002 1911 portus
1020 1828 1062 1892 de
1079 1830 1210 1894 bailiva
1228 1838 1302 1908 tua,

350 1936 385 1992 et
408 1929 515 1992 iacias
542 1928 725 2010 diligenter
752 1928 944 1992 inbreviare
972 1948 1090 1992 omnes
1119 1949 1228 1994 naves
1254 1933 1301 1994 ibi

349 2029 522 2106 inventas,
537 2049 615 2110 quae
633 2036 779 2111 possunt
793 2027 880 2091 serre
897 2047 959 2091 sex
974 2048 1082 2111 equos
1096 2029 1151 2092 vel
1167 2030 1301 2113 plures;

350 2130 587 2213 etpraeoipias
611 2149 655 2192 ex
678 2136 777 2210 parte
800 2135 920 2191 nostra
948 2129 1124 2210 magistris
1148 2131 1300 2192 omnium

350 2230 491 2294 navium
529 2230 679 2305 illarum,
713 2235 748 2291 et
780 2228 848 2290 illis
881 2248 1026 2309 quorum
1064 2249 1171 2292 naves
1206 2238 1301 2306 sunt,

350 2330 454 2412 quod,
476 2331 567 2393 sicut
589 2349 625 2392 se
649 2336 683 2391 et
707 2347 812 2391 naves
835 2347 917 2391 suas
940 2335 974 2391 et
996 2329 1112 2394 emnia
1133 2348 1199 2392 sua
1222 2328 1300 2393 dili-

348 2437 446 2510 gunt,
471 2429 621 2492 habeant
639 2429 716 2491 illas
738 2427 828 2509 apud
856 2427 1098 2491 Portesmuthe
1122 2429 1158 2491 in
1184 2429 1301 2493 media

290 2613 293 2617 Ι
348 2527 624 2610 Quadragesima
648 2528 734 2591 bene
758 2522 971 2610 ¹eschipatas
997 2529 1096 2592 bonis
1122 2537 1157 2592 et
1179 2531 1300 2611 probis

347 2629 534 2692 marinellis
556 2636 590 2692 et
607 2630 694 2692 bene
715 2629 869 2705 armatis,
887 2629 946 2709 qui
968 2629 1050 2691 ituri
1068 2636 1150 2692 sunt
1166 2630 1203 2692 in
1226 2649 1301 2693 ser·

347 2727 468 2790 vitium
494 2735 650 2791 nostrum
673 2727 716 2790 ad
738 2727 960 2791 liberationes
982 2736 1138 2808 nostras3
1162 2737 1198 2793 et
1213 2737 1299 2795 tunc

347 2826 475 2890 habeas
503 2827 550 2889 ibi
580 2829 776 2891 memoriter
803 2835 838 2892 et
860 2828 1022 2891 distincte
1052 2828 1298 2908 inbreviatum,

347 2934 432 3007 quot
465 2946 571 2991 naves
603 2928 638 2990 in
670 2927 817 3008 singulis
853 2928 1021 3010 portubus
1056 2929 1228 2992 inveneris
1263 2938 1299 2994 et

346 3045 490 3107 quorum
510 3027 596 3109 ipsae
618 3027 700 3104 sint,
723 3035 758 3090 et
780 3034 865 3109 quot
888 3045 995 3109 equos
1021 3027 1183 3107 quaelibet
1210 3028 1298 3094 ferre

346 3126 476 3207 possit3
504 3134 538 3190 et
560 3134 643 3190 tunc
670 3127 777 3190 iacias
807 3127 904 3190 nobis
927 3127 1027 3202 scire,
1051 3134 1136 3208 quot
1162 3135 1197 3191 et
1219 3148 1298 3210 quae

344 3244 450 3289 naves
474 3247 543 3290 non
566 3226 744 3290 suerintin
760 3227 928 3308 portubus
951 3227 1023 3288 suis
1040 3227 1095 3289 die
1111 3226 1298 3292 Dominica

343 3327 502 3406 proxima
529 3335 608 3410 post
637 3327 781 3402 cineres,
809 3327 899 3389 sicut
928 3345 1229 3408 praeceperamus3
1263 3341 1298 3393 et

343 3425 471 3488 habeas
488 3425 534 3488 ibi
549 3426 614 3489 hoc
628 3427 743 3490 breve.
776 3425 882 3489 Teste
897 3425 1028 3507 meipso
1045 3426 1136 3508 apud
1153 3425 1296 3491 Novum

342 3523 538 3609 Templum,
553 3526 656 3590 tertio
682 3524 737 3590 die
761 3523 904 3590 Martii?
956 3524 1025 3588 His
1042 3525 1092 3589 ita
1119 3528 1229 3608 gestis
1252 3529 1301 3613 der

343 3625 502 3702 navibus,
525 3626 618 3689 misit
641 3645 703 3688 rex
731 3626 819 3689 alias
848 3626 967 3689 literas
993 3625 1038 3688 ad
1061 3628 1180 3690 omnes
1203 3628 1296 3691 vice-

341 3724 484 3788 comites
507 3725 604 3806 regni
621 3725 674 3813 sui
692 3727 757 3788 sub
774 3724 839 3789 hae
855 3725 985 3805 forma3
1010 3723 1213 3790 ‘lohannes
1231 3747 1302 3817 rex·

341 3822 493 3902 Angliae,
516 3832 550 3888 et
573 3831 711 3889 caetera.
757 3826 942 3889 Summone
973 3845 1035 3907 per
1067 3826 1175 3888 bonos
1202 3846 1294 3890 sum·

340 3924 527 3987 monitores
562 3926 717 4003 comites
750 3925 909 4003 baroneS,
943 3925 1070 3988 milites
1108 3932 1143 3989 et
1173 3945 1295 3990 omnes

339 4022 466 4087 liberos
485 4025 638 4088 homines
657 4032 692 4088 et
709 4026 910 4102 servientes
926 4025 980 4090 vel
998 4025 1207 4107 quicumque
1223 4026 1295 4091 sint

600 4200 607 4232 ¹
620 4202 786 4265 Erebiputus]
808 4206 816 4232 ‘
829 4200 983 4269 Echipatas,’
997 4205 1027 4253 C.
