2858 4876
421 409 560 458 nnonns
586 408 856 458 nisronmnnn.
1047 394 1114 458 249

162 575 350 653 praesentes
370 568 490 632 literas
508 568 730 650 inspecturis,
753 569 910 633 salutem.
964 569 1034 634 Per
1051 570 1114 633 has
1127 586 1182 626 nn.
1195 585 1266 624 121³.-

163 676 323 751 patentes
348 669 467 732 literas
494 669 610 750 sigillo
636 680 755 733 nostro
781 671 933 734 munitas
954 670 1115 734 volumus

163 788 239 833 esse
255 776 388 845 notum,
407 768 513 852 quod,
534 769 631 832 nobis
651 770 879 852 praesentibus
896 777 932 835 et
947 770 1115 833 mandan-

164 870 269 946 tibus,
289 869 327 934 hi
346 876 497 951 quatuor
518 870 665 933 barones
693 870 815 947 nostri,
830 870 1029 935 Willelmus
1049 871 1115 934 sci·

164 969 245 1034 licct
273 989 388 1034 comes
418 969 630 1048 Saresbiriae,
658 970 767 1035 frater
799 977 927 1048 noster,
951 969 1117 1052 Reginal-

165 1069 229 1133 dus
249 1088 365 1134 comes
383 1069 563 1146 Bononiae,
580 1070 776 1134 Willelmus
794 1090 909 1134 comes
928 1071 1117 1148 warenne,

166 1176 202 1234 et
222 1170 420 1234 Willelmus
446 1189 561 1232 comes
592 1169 635 1233 de
662 1171 826 1248 Ferariis,
848 1171 1058 1254 juraverunt
1081 1171 1117 1234 in

167 1269 316 1334 animam
348 1277 514 1347 nostram,
541 1269 633 1353 quod
664 1289 727 1333 nos
757 1271 987 1353 subscriptam
1021 1271 1117 1352 pacis

167 1369 312 1435 formam
339 1369 520 1433 bonafide
548 1390 611 1452 per
634 1371 750 1435 omnia
776 1371 973 1434 curabimus
1000 1372 1117 1434 obser-

169 1489 261 1535 vare.
328 1468 516 1551 Inprimis
546 1470 666 1552 itaque
695 1471 882 1535 solenniter
904 1478 939 1533 et
961 1470 1119 1534 absolute

164 1569 358 1654 juravimus
385 1579 478 1633 stare
504 1569 677 1633 mandatis
708 1569 837 1634 domini
864 1590 977 1653 papae,
1002 1589 1118 1635 coram

169 1669 245 1753 ejus
274 1670 404 1752 legato,
428 1689 533 1752 super
557 1670 716 1734 omnibus
742 1689 806 1753 pro
831 1671 956 1754 quibus
979 1690 1119 1735 excom-

169 1770 336 1834 municati
370 1789 489 1834 sumus
520 1771 565 1834 ab
595 1770 684 1852 ipso,
717 1777 753 1835 et
784 1790 901 1834 veram
932 1789 1052 1853 pacem
1084 1778 1120 1834 et

170 1870 308 1954 plenam
339 1870 561 1934 securitatem
593 1871 835 1952 praestabimus
865 1870 1120 1936 venerabilibus

170 1971 267 2048 viris,
314 1969 503 2052 Stephano,
554 1968 798 2034 Cantuariensi
848 1970 1119 2054 archiepiscopo,

170 2069 347 2135 Willelmo
370 2069 616 2147 Londoniensi,
643 2070 831 2135 Eustachio
857 2071 1000 2148 Eliensi,
1019 2070 1119 2152 AEgi-

171 2170 228 2234 dio
251 2169 510 2248 Herefordensi,
533 2169 557 2234 J
560 2169 693 2234 ocelino
720 2170 960 2248 Bathonieusi,
982 2178 1017 2234 et
1041 2170 1121 2234 Hu-

171 2271 270 2334 berto
295 2269 542 2347 Lincolnieusi,
565 2271 748 2354 episcopis,
779 2270 884 2354 priori
917 2290 1055 2354 quoque
1084 2277 1120 2334 et

172 2369 349 2434 monachis
390 2369 711 2448 Cantuariensibus,
755 2378 790 2434 et
829 2370 984 2435 Roberto
1031 2370 1119 2434 tilio·

171 2470 321 2535 Walteri
347 2477 383 2535 et
406 2470 595 2535 Eustochio
623 2470 665 2534 de
689 2470 808 2548 Vesci,
834 2490 968 2533 necnon
993 2478 1028 2534 et
1054 2490 1120 2534 cae-

173 2571 256 2634 teris
284 2570 417 2634 clericis
445 2578 480 2634 et
502 2570 600 2634 laicis
627 2569 759 2634 adhoc
783 2571 959 2652 negotium
984 2571 1120 2634 coutin-

173 2671 355 2752 gentibus3
383 2670 581 2753 praestando
603 2671 706 2733 simul
724 2690 839 2734 coram
861 2669 979 2734 eodem
1002 2671 1120 2752 legato

173 2770 227 2834 vel
264 2770 423 2852 delegato
456 2769 592 2853 publice
624 2771 872 2854 jurameutum,
903 2771 995 2853 quod
1026 2772 1122 2853 ipsos

171 2889 252 2955 cum
279 2871 352 2934 suis
386 2890 448 2934 nec
478 2871 644 2934 laedemus
672 2890 735 2934 nec
764 2870 844 2934 laedi
873 2870 1037 2934 faciemus
1065 2870 1122 2936 vel

173 2970 410 3052 permittemus
436 2971 472 3033 in
501 2970 658 3054 personis
682 2971 737 3035 vel
765 2972 880 3048 rebuS,
906 2971 1042 3053 illisque
1069 2970 1122 3034 di-

173 3071 349 3136 mittemus
383 3089 518 3135 omnem
550 3071 822 3152 indignationem
849 3077 884 3134 et
909 3071 945 3134 in
973 3071 1122 3152 gratiam

174 3177 327 3235 nostram
354 3169 491 3234 eosdem
521 3172 724 3253 recipiemus
750 3191 790 3235 ac
814 3171 1005 3235 tenebimus
1031 3172 1122 3236 bona

174 3271 252 3348 fide,
283 3270 444 3353 quodque
474 3270 639 3353 praesatos
668 3271 962 3353 archiepiscopum
986 3278 1022 3334 et
1050 3272 1121 3353 epi-

173 3390 297 3454 scopos
325 3389 395 3434 non
414 3371 651 3454 impediemus
678 3391 740 3434 nec
764 3371 929 3435 faciemus
954 3390 1018 3434 nec
1043 3391 1121 3453 per·

174 3472 350 3536 mittemus
378 3471 596 3552 aliquatenus
628 3470 798 3554 impediri,
821 3490 889 3553 quo
915 3471 1028 3534 miuus
1054 3472 1121 3555 ipsi

173 3571 278 3634 libere
299 3590 399 3635 suum
416 3578 651 3653 exsequantur
673 3569 820 3635 officinm
843 3578 878 3634 et
895 3570 998 3652 plena
1014 3571 1122 3655 juris·

175 3670 335 3736 dictionis
356 3691 430 3735 suae
452 3672 672 3747 auctoritate,
693 3679 797 3754 prout
813 3671 951 3747 debent,
969 3679 1121 3735 utantur.

173 3770 222 3835 -Et
240 3791 345 3854 super
367 3770 433 3846 his,
455 3779 526 3835 tam
553 3770 691 3834 domino
717 3790 830 3853 papae,
851 3790 955 3853 quam
977 3772 1044 3853 ipsi
1070 3792 1125 3835 ar·

174 3871 394 3954 chiepiscopo
408 3879 443 3935 et
456 3871 601 3953 singulis
615 3871 797 3953 episcopis
812 3879 950 3934 nostras
966 3878 1124 3953 patentes

174 3972 294 4036 literas
325 3971 574 4049 exhibebimus,
605 3970 771 4034 facientes
807 3972 851 4034 ab
887 3972 1057 4054 episcopis
1090 3979 1124 4035 et

176 4072 359 4136 comitibus
376 4079 411 4137 et
429 4073 615 4135 baronibus
631 4072 770 4149 nostris,
784 4079 869 4151 quot
886 4079 921 4134 et
936 4090 1023 4152 quos
1040 4091 1124 4153 prae·

176 4172 240 4237 sati
269 4171 548 4255 archiepiscopus
577 4180 610 4235 ct
637 4172 788 4254 episcopi
815 4171 1004 4254 postulant,
1029 4171 1126 4254 jura-
