2858 4876
181 593 206 631 A.
209 590 235 631 D.
247 592 304 632 1204.

180 641 224 690 Leg
224 642 265 680 eud

180 691 307 740 couceming

181 753 209 782 ιιιι
218 744 288 791 image
297 741 321 781 of

182 794 219 833 the
226 792 307 843 Virglu.

341 397 406 464 178
590 414 724 462 uocum
748 414 796 460 nn
818 413 1027 462 wsuoovun

342 572 488 638 invenit
530 572 662 637 Videns
676 572 813 637 taudem
832 571 1022 636 monachus
1038 572 1130 635 circa
1146 537 1295 634 iconiam

343 673 495 738 divinam
519 673 695 750 virtutem,
717 674 834 756 posuit
860 692 936 736 eam
956 673 992 736 in
1015 670 1167 736 oratorio
1190 690 1295 753 super

343 773 466 851 altare,
498 782 533 839 et
558 774 692 838 rediens
721 773 766 837 ad
795 773 1091 837 sanctimonialem
1116 771 1295 836 foeminam

344 875 460 939 omnia
482 874 713 957 perordinem
736 874 867 950 retulit,
890 893 968 956 quae
990 873 1064 937 de
1055 873 1169 937 rconia
1191 873 1295 935 mua·

344 973 470 1051 biliter,
488 981 527 1038 ut
544 975 702 1057 superius
719 975 866 1038 relatum
883 981 948 1050 est,
964 980 1064 1054 gesta
1079 981 1182 1051 sunt;
1205 972 1296 1036 dixit

301 1067 305 1075 ¹
344 1094 428 1157 ergo
450 1074 603 1139 divinam
626 1093 701 1138 esso
720 1074 948 1151 voluntatem,
970 1081 1010 1138 ut
1031 1074 1147 1138 iconia
1169 1073 1218 1136 ibi
1240 1093 1293 1136 re-

344 1182 500 1239 maneret
521 1181 557 1238 et
579 1174 695 1238 debito
719 1173 846 1238 ibidem
867 1181 1091 1239 veneraretur
1115 1174 1295 1256 obsequio.

346 1272 492 1357 Accepit
521 1295 603 1357 ergo
630 1275 816 1356 imaginem
845 1273 1129 1352 sanctimonialis,
1154 1273 1294 1338 benedi-

344 1386 435 1437 cens‘
457 1375 644 1438 Dominum
669 1375 814 1458 ejusque
840 1375 1041 1456 genitricem
1066 1375 1109 1438 de
1135 1375 1295 1439 omnibus

344 1494 423 1556 quae
440 1475 506 1538 sibi
528 1475 717 1539 monachus
734 1475 924 1556 revelavit3
951 1475 1140 1540 monachus
1156 1494 1295 1558 quoque

344 1574 379 1637 in
404 1575 523 1639 eodem
544 1575 621 1640 loco
640 1575 816 1640 residuum
836 1576 919 1652 uitae
944 1595 1018 1639 sues
1038 1595 1204 1658 peragere
1232 1575 1292 1638 de·

344 1676 466 1752 crevit,
494 1682 636 1758 propter
660 1676 820 1753 virtuter,
848 1694 935 1758 quas
961 1675 1149 1740 Dominum
1170 1675 1293 1739 fecisse

345 1783 558 1857 cognoverat
582 1796 645 1859 per
669 1777 854 1858 imaginem
884 1795 957 1840 suae
991 1783 1123 1840 sanctae
1153 1777 1293 1859 genitri-

345 1875 407 1940 cis.
459 1874 577 1958 Coepit
601 1876 716 1940 iconia
745 1876 907 1958 deinceps
931 1876 1033 1940 valde
1063 1877 1107 1939 ab
1135 1878 1294 1941 omnibus

344 1976 514 2053 venerari,
531 1984 566 2041 et
581 1984 895 2060 coeperuntomnes
913 1977 950 2040 in
969 1976 1099 2042 ea·Dei
1119 1977 1295 2060 magnalia

343 2075 516 2140 admirari.

418 2251 461 2316 Ur
474 2253 576 2338 imapo
592 2252 655 2316 Dei
666 2252 829 2338 genitricis
841 2252 900 2318 olei
916 2253 1063 2338 liqamem
1077 2253 1221 2318 emiserit.

394 2377 464 2440 His
488 2377 540 2441 ita
564 2378 685 2459 gestis,
711 2377 853 2441 foemina
882 2377 1154 2441 sanctimonialis
1177 2376 1292 2440 locum

341 2496 556 2560 praeparans,
588 2485 628 2542 ut
658 2477 724 2541 sibi
755 2477 948 2553 videbatur,
980 2477 1223 2553 honestiorem,
1257 2478 1292 2540 in

342 2597 411 2659 quo
452 2578 639 2658 imaginem
679 2584 832 2661 poneret,
872 2577 1009 2658 rogavit
1052 2578 1291 2661 presbyterum

342 2677 526 2758 quendam,
548 2684 714 2760 tanquam
741 2697 779 2741 se
800 2678 992 2759 digniorem
1017 2685 1053 2742 et
1074 2697 1207 2741 morum
1231 2678 1291 2741 bo·

342 2783 477 2840 nestate
503 2778 699 2859 praeditum,
724 2785 765 2841 ut
790 2777 964 2854 credebat,
990 2785 1030 2842 ut
1052 2778 1208 2842 vestibus
1233 2798 1291 2843 sa-

341 2877 409 2940 cris
433 2877 576 2941 indutus
604 2877 648 2942 ad
674 2877 859 2959 imaginem
884 2878 1063 2942 accederet
1090 2885 1125 2942 et
1146 2898 1222 2942 eam
1246 2879 1290 2942 ad

341 2975 455 3040 locum
490 2979 777 3058 praenominatum
808 2977 1021 3043 transferret.
1076 2977 1142 3042 Ille
1174 2986 1290 3043 autem

341 3077 525 3141 verebatur
552 3077 652 3141 nimis
679 3096 756 3143 eam
784 3086 938 3160 tangere,
972 3079 1054 3161 quia
1083 3098 1106 3143 a
1136 3086 1291 3161 tempore

339 3175 412 3252 illo,
430 3197 499 3259 quo
519 3197 624 3261 super
637 3178 748 3242 altare
768 3180 882 3262 posita
901 3179 1026 3255 fuerat,
1044 3178 1170 3243 sudare
1184 3181 1293 3262 coepit

341 3283 376 3340 et
397 3277 565 3360 liquorem
585 3278 652 3342 olei
673 3278 921 3342 lucidissimum
944 3279 1100 3343 emittere
1124 3298 1194 3343 non
1217 3299 1291 3343 ces-

341 3378 454 3456 savit3
478 3397 581 3461 quam
604 3378 864 3444 desudationem
883 3379 1027 3443 foemina
1046 3379 1291 3444 sanctimonia·

340 3475 383 3539 lis
407 3478 503 3559 prius
527 3497 604 3541 cum
628 3479 771 3543 sindone
798 3480 926 3543 munda
943 3480 1139 3562 detergens,
1168 3487 1292 3562 postea

341 3577 519 3642 vasculum
549 3580 687 3661 paravit
710 3599 844 3644 aeneum
874 3586 910 3644 et
934 3580 1103 3663 liquorem
1134 3581 1289 3663 recepit3

341 3696 443 3758 quem
472 3697 551 3740 cum
576 3679 612 3742 iu
640 3679 778 3743 nomine
811 3680 952 3745 Domini
978 3680 1122 3763 ejusque
1147 3681 1291 3762 genitri-

339 3777 390 3839 cis
413 3777 558 3841 infirmis
578 3779 765 3856 tribuisset,
783 3796 804 3842 a
819 3780 926 3844 variis
950 3780 1175 3862 languoribus
1196 3780 1290 3847 illico

339 3878 555 3942 sanabantur
585 3887 620 3944 et
648 3879 827 3962 bucusque
857 3887 1038 3946 sanantur.
1103 3879 1291 3965 Presbyter

339 3984 455 4040 autem
478 3977 666 4061 praedictus
690 3979 734 4043 ad
758 3981 942 4063 imaginem
968 3988 1097 4046 temere
1122 3981 1289 4046 accedens

338 4083 374 4140 et
389 4084 428 4141 ut
445 4096 522 4142 eam
538 4079 753 4158 transferret,
772 4081 943 4163 protinus,
961 4101 1040 4145 cum
1057 4081 1227 4164 liquorem
1244 4101 1290 4146 ex

336 4195 379 4240 ea
399 4187 595 4244 manantem
618 4180 745 4262 tetigit,
770 4180 932 4246 arefactae
957 4189 1040 4247 sunt
1061 4181 1148 4271 ejus
1165 4201 1289 4248 manus
