2858 4876
312 380 356 444 96
576 360 709 444 uocaui
734 394 780 442 nn
804 392 1012 442 wnunovnu

153 581 274 622 nunna
313 556 505 634 familiaris,
534 557 673 639 [captus
701 555 769 635 est]
797 560 832 618 et
857 551 931 635 regi
953 549 1152 633 Anglorum‘
1174 555 1267 632 prae-'

314 663 496 734 sentatus;
530 649 605 738 ¹qui
635 655 791 719 Roberto
819 652 862 717 de
894 652 968 716 Ros
1000 648 1264 715 custodiendum

313 757 531 833 commissus,
557 757 621 818 sub
648 753 807 818 custodia
834 750 1003 817 Willelmi
1032 749 1075 813 de
1108 748 1266 831 Spineto,
1329 820 1338 830 ,

313 855 467 939 ejusdem
486 854 631 918 Roberti
650 852 845 929 servientis,
862 850 952 915 male
968 848 1163 914 custoditus
1182 867 1265 912 eva·

314 955 373 1031 sit,
398 955 458 1036 qui
486 953 711 1035 permissione
734 951 871 1034 praefati
898 948 1064 1015 Willelmi
1094 948 1137 1012 de
1163 954 1265 1012 nocte

314 1072 377 1136 per
404 1072 538 1117 murum
574 1052 743 1115 demissus
775 1050 956 1114 castellnm
988 1049 1032 1113 de
1061 1046 1268 1111 Bona-villa

314 1172 422 1235 supra
443 1150 556 1229 Tuke,
580 1150 639 1213 ubi
663 1149 935 1225 custodiebatur,
961 1166 984 1212 a
1008 1154 1108 1229 tergo
1133 1145 1266 1210 saluta-

313 1253 385 1332 vit3
416 1250 507 1315 unde
534 1270 598 1314 rex
623 1248 819 1332 Anglorum
845 1266 967 1313 versus
999 1247 1193 1311 Robertum
1221 1246 1265 1308 de

315 1350 390 1416 Ros
410 1351 512 1414 nimis
533 1350 643 1413 iratus
662 1349 755 1431 cepit
775 1348 819 1412 ab
842 1347 903 1411 illo
925 1345 1019 1410 mille
1039 1353 1075 1410 et
1096 1344 1267 1409 ducentas

315 1470 449 1515 marcas
468 1449 604 1532 argenti
622 1467 685 1530 pro
704 1446 979 1530 transgressione
999 1451 1035 1510 et
1050 1444 1266 1509 Willelmum

314 1550 357 1615 de
371 1550 515 1635 Spineto
528 1549 636 1634 jussit
651 1547 808 1632 patibulo
824 1544 1002 1631 suspendi.

312 1723 362 1788 Do
378 1723 517 1809 captiuae
531 1724 663 1812 opbcpi
676 1720 874 1790 Bolueeeueie
887 1730 916 1788 et
935 1720 1085 1788 Willelmi
1099 1721 1136 1786 de
1150 1720 1265 1787 Moab.

152 1881 264 1932 arenosos
367 1841 453 1912 His²
475 1850 526 1914 ita
547 1851 667 1933 gestis,
682 1849 706 1914 J
708 1848 863 1914 oh'annes
880 1848 988 1912 frater
1004 1847 1096 1930 regis
1118 1855 1155 1912 et
1169 1847 1267 1911 Mer-

152 1931 298 2022 ?iillffi'sm
314 1948 455 2027 cadens,
469 1950 631 2032 princeps
644 1949 926 2026 Brebanciorum,
937 1942 1202 2030 ³equitati0nem
1213 1947 1264 2011 fe-¹

152 2031 254 2121 ῗῖιῗιῖηο
315 2056 437 2113 cerunt
463 2056 545 2113 ante
572 2050 748 2115 civitatem
776 2048 1037 2125 Beluacensem,
1063 2039 1151 2123 ⁴ubi,
1181 2046 1264 2110 dum

314 2148 470 2231 captioni
496 2148 623 2231 praedae
643 2149 871 2225 intenderent,
894 2147 1089 2230 Philippus,
1109 2145 1265 2230 ejusdem

315 2248 467 2313 civitatis
483 2249 678 2331 episcopus,
702 2254 737 2312 et
753 2247 953 2312 Willelmus
973 2247 1015 2310 de
1032 2245 1171 2310 Merlon
1192 2262 1263 2310 una

315 2365 393 2410 curn
416 2347 489 2414 filio
506 2368 571 2413 suo
591 2355 625 2413 et
645 2348 811 2412 militibus
827 2347 945 2412 multis
960 2353 996 2411 et
1012 2345 1112 2429 plebe
1128 2353 1265 2410 armata

315 2448 487 2526 exierunt,
518 2448 580 2512 sed
614 2468 696 2512 mox
724 2447 818 2529 eapti
853 2453 937 2510 sunt
965 2443 1120 2510 universi
1152 2453 1188 2510 et
1217 2464 1263 2510 ex

316 2546 423 2629 vulgo
456 2566 537 2630 pars
570 2548 724 2611 maxima
753 2544 959 2623 intersecta;
990 2551 1027 2609 et
1056 2544 1189 2610 eodem.
1207 2544 1263 2608 die

315 2652 396 2727 post
412 2648 607 2729 captionem
629 2646 726 2710 illam
747 2650 989 2728 processerunt
1005 2644 1050 2708 ad
1069 2642 1172 2721 Milli,
1188 2661 1265 2706 cas-

314 2743 435 2808 tellum
468 2746 621 2828 episcopi
646 2744 815 2828 praedicti,
840 2751 876 2808 et
900 2763 963 2826 per
987 2742 1154 2806 insultum
1176 2743 1263 2807 illud

314 2850 482 2925 ceperunt
511 2852 548 2909 et
573 2844 831 2923 subverterunt,
855 2850 893 2931 et
918 2844 969 2907 sic
994 2842 1262 2926 triumphatores

315 2941 457 3022 gloriosi
480 2945 554 3026 regi
573 2941 770 3026 Anglorum
790 2939 951 3027 captivos
971 2961 1089 3006 omnes
1112 2940 1264 3006 tradide-

315 3047 418 3121 runt3
452 3043 634 3128 episcopus
651 3050 778 3119 autem,
802 3063 844 3108 eo
866 3041 959 3125 quod
982 3048 1107 3124 captus
1128 3048 1206 3105 erat
1224 3040 1262 3104 in

316 3140 433 3218 armis,
449 3141 683 3225 incarceratus
699 3150 753 3207 est
769 3149 805 3206 et
814 3141 961 3208 vinculis
979 3140 1132 3223 graviter
1145 3160 1261 3204 coare-

316 3245 423 3304 tatus.
463 3233 614 3306 ⁵Eodem
640 3262 732 3306 anno
755 3241 870 3306 subita
895 3259 1062 3324 aquarum
1083 3239 1263 3304 inundatio

315 3338 499 3403 vehemens
516 3349 552 3406 et
568 3341 730 3406 ductibus
747 3341 960 3424 procellosis,
977 3338 1123 3404 aedificia
1146 3338 1262 3404 invol-

315 3457 400 3502 vens
415 3440 532 3504 omnia
546 3441 639 3506 circa
654 3441 821 3506 Secanam
848 3439 1043 3525 adjacentia
1056 3445 1129 3502 tarn
1146 3439 1263 3520 lignea

350 3668 650 3739 ¹Qui...cenunia'eus.]
673 3674 705 3724 In
716 3674 774 3724 MS.
799 3673 883 3723 minue
910 3677 984 3723 caute
1012 3673 1190 3736 custodiretur,
1216 3687 1263 3738 per

314 3740 625 3805 ‘quem...committens.’
646 3745 678 3794 In
690 3744 776 3793 Hove·
799 3738 915 3805 murum,‘
925 3748 975 3793 etc.

315 3813 364 3861 den
375 3814 396 3862 it
406 3815 503 3876 stands,
512 3816 521 3843 ⁴
529 3829 604 3875 quem
616 3829 660 3863 rex
672 3813 774 3874 Angliae
835 3810 904 3862 'Hie
913 3812 950 3861 itu
959 3810 1067 3875 gestia]
1090 3811 1224 3875 Heroden,
1233 3824 1265 3875 ρ’.

314 3882 420 3930 tradidit
447 3884 479 3932 R.
500 3883 533 3931 de
559 3884 611 3932 Ros
633 3883 775 3932 custodien-
801 3887 867 3944 7683
886 3878 1156 3946 Newuurgn,v.§ar.

314 3950 385 4013 dum,
401 3954 427 3999 et
442 3951 567 4000 liebertus
582 3953 688 4000 tradidit
703 3951 775 4001 illum
837 3949 1039 4014 ’Equitetiom
1056 3945 1206 4019 fremat]
1229 3965 1263 3999 on

313 4019 374 4069 Wil.
397 4019 440 4068 del
461 4021 568 4082 Espinai
591 4021 709 4070 servienti
729 4035 775 4070 suo
800 4019 842 4069 the
855 4020 951 4070 louet
959 4020 1038 4081 Mam
1055 4020 1119 4070 ibid.

313 4089 506 4138 custodiendum
517 4090 544 4138 in
555 4091 660 4140 castello
675 4091 708 4139 de
724 4089 774 4138 Bo-
835 4086 846 4120 ⁴
856 4089 906 4139 Ubi
916 4089 994 4154 dm]
1011 4089 1077 4139 ‘Sed
1087 4082 1166 4153 duur’,
1179 4090 1211 4142 G.

312 4159 419 4208 nri-villa
438 4157 519 4222 supra
539 4159 622 4224 Toka,
642 4160 697 4224 qui,
717 4173 774 4208 eum
836 4156 941 4208 ‘lisdem
948 4158 1032 4223 unae]
1044 4159 1263 4223 Diceto,col.69t).
