<?xml version="1.0" encoding="UTF-8"?>
<!DOCTYPE html PUBLIC "-//W3C//DTD XHTML 1.0 Transitional//EN"
    "http://www.w3.org/TR/xhtml1/DTD/xhtml1-transitional.dtd">
<html xmlns="http://www.w3.org/1999/xhtml" xml:lang="en" lang="en">
 <head>
  <title>
</title>
<meta http-equiv="Content-Type" content="text/html;charset=utf-8" />
  <meta name='ocr-system' content='tesseract 3.04.00' />
  <meta name='ocr-capabilities' content='ocr_page ocr_carea ocr_par ocr_line ocrx_word'/>
</head>
<body>
  <div class='ocr_page' id='page_1' title='image "./rogeridewendove06rogegoog_0129.png"; bbox 0 0 2858 4876; ppageno 0'>
   <div class='ocr_carea' id='block_1_1' title="bbox 326 382 1021 448">
    <p class='ocr_par' dir='ltr' id='par_1_1' title="bbox 326 382 1021 448">
     <span class='ocr_line' id='line_1_1' title="bbox 326 382 1021 448; baseline -0.009 0"><span class='ocrx_word' id='word_1_1' title='bbox 326 382 391 448; x_wconf 67' lang='lat'>120·</span> <span class='ocrx_word' id='word_1_2' title='bbox 585 396 720 445; x_wconf 81' lang='lat' dir='ltr'>uocum</span> <span class='ocrx_word' id='word_1_3' title='bbox 744 397 790 444; x_wconf 83' lang='lat' dir='ltr'>nu</span> <span class='ocrx_word' id='word_1_4' title='bbox 814 396 1021 446; x_wconf 82' lang='lat' dir='ltr'>wuunovun</span> 
     </span>
    </p>
   </div>
   <div class='ocr_carea' id='block_1_2' title="bbox 165 552 1286 2213">
    <p class='ocr_par' dir='ltr' id='par_1_2' title="bbox 165 552 1286 2213">
     <span class='ocr_line' id='line_1_2' title="bbox 165 552 1285 638; baseline -0.004 -18"><span class='ocrx_word' id='word_1_5' title='bbox 165 575 221 615; x_wconf 69' lang='lat' dir='ltr'>su.</span> <span class='ocrx_word' id='word_1_6' title='bbox 232 572 290 617; x_wconf 76' lang='lat'>11⁹⁷.</span> <span class='ocrx_word' id='word_1_7' title='bbox 329 575 435 637; x_wconf 87' lang='lat' dir='ltr'>scopo</span> <span class='ocrx_word' id='word_1_8' title='bbox 451 562 487 619; x_wconf 91' lang='lat' dir='ltr'>et</span> <span class='ocrx_word' id='word_1_9' title='bbox 509 555 661 638; x_wconf 89' lang='lat' dir='ltr'>capitulo</span> <span class='ocrx_word' id='word_1_10' title='bbox 680 555 968 637; x_wconf 84' lang='lat' dir='ltr'>Rothomagensi,</span> <span class='ocrx_word' id='word_1_11' title='bbox 986 553 1140 617; x_wconf 90' lang='lat' dir='ltr'>debitum</span> <span class='ocrx_word' id='word_1_12' title='bbox 1155 552 1285 616; x_wconf 87' lang='lat' dir='ltr'>haben-</span> 
     </span>
     <span class='ocr_line' id='line_1_3' title="bbox 329 654 1286 737; baseline -0.003 -18"><span class='ocrx_word' id='word_1_13' title='bbox 329 655 421 719; x_wconf 88' lang='lat' dir='ltr'><strong>tibus</strong></span> <span class='ocrx_word' id='word_1_14' title='bbox 439 655 483 718; x_wconf 93' lang='lat' dir='ltr'>ad</span> <span class='ocrx_word' id='word_1_15' title='bbox 496 663 616 719; x_wconf 88' lang='lat' dir='ltr'>nostra</span> <span class='ocrx_word' id='word_1_16' title='bbox 630 662 665 719; x_wconf 92' lang='lat' dir='ltr'>et</span> <span class='ocrx_word' id='word_1_17' title='bbox 682 656 857 737; x_wconf 84' lang='lat' dir='ltr'>praedictae</span> <span class='ocrx_word' id='word_1_18' title='bbox 880 661 984 718; x_wconf 84' lang='lat' dir='ltr'>terrae</span> <span class='ocrx_word' id='word_1_19' title='bbox 1006 660 1135 717; x_wconf 87' lang='lat' dir='ltr'>nostrae</span> <span class='ocrx_word' id='word_1_20' title='bbox 1158 654 1286 716; x_wconf 91' lang='lat' dir='ltr'>damna</span> 
     </span>
     <span class='ocr_line' id='line_1_4' title="bbox 330 753 1284 837; baseline -0.002 -20"><span class='ocrx_word' id='word_1_21' title='bbox 330 761 537 837; x_wconf 88' lang='lat' dir='ltr'>respectum,</span> <span class='ocrx_word' id='word_1_22' title='bbox 559 755 653 819; x_wconf 89' lang='lat' dir='ltr'>faeta</span> <span class='ocrx_word' id='word_1_23' title='bbox 678 762 732 818; x_wconf 90' lang='lat' dir='ltr'>est</span> <span class='ocrx_word' id='word_1_24' title='bbox 755 754 965 836; x_wconf 81' lang='lat' dir='ltr'><strong>permutatio</strong></span> <span class='ocrx_word' id='word_1_25' title='bbox 988 754 1080 817; x_wconf 87' lang='lat' dir='ltr'>inter</span> <span class='ocrx_word' id='word_1_26' title='bbox 1102 753 1284 816; x_wconf 90' lang='lat' dir='ltr'>ecclesiam</span> 
     </span>
     <span class='ocr_line' id='line_1_5' title="bbox 332 851 1285 936; baseline -0.002 -18"><span class='ocrx_word' id='word_1_27' title='bbox 332 853 648 936; x_wconf 86' lang='lat' dir='ltr'>Rothomagensem</span> <span class='ocrx_word' id='word_1_28' title='bbox 665 862 700 918; x_wconf 92' lang='lat' dir='ltr'>et</span> <span class='ocrx_word' id='word_1_29' title='bbox 718 853 1013 936; x_wconf 86' lang='lat' dir='ltr'>archiepiscopum</span> <span class='ocrx_word' id='word_1_30' title='bbox 1024 851 1222 917; x_wconf 89' lang='lat' dir='ltr'>Walterum</span> <span class='ocrx_word' id='word_1_31' title='bbox 1240 873 1285 916; x_wconf 86' lang='lat' dir='ltr'>ex</span> 
     </span>
     <span class='ocr_line' id='line_1_6' title="bbox 331 950 1284 1035; baseline 0.001 -20"><span class='ocrx_word' id='word_1_32' title='bbox 331 972 402 1016; x_wconf 91' lang='lat' dir='ltr'>una</span> <span class='ocrx_word' id='word_1_33' title='bbox 416 960 527 1035; x_wconf 88' lang='lat' dir='ltr'>parte,</span> <span class='ocrx_word' id='word_1_34' title='bbox 539 960 574 1018; x_wconf 90' lang='lat' dir='ltr'>et</span> <span class='ocrx_word' id='word_1_35' title='bbox 589 971 654 1017; x_wconf 92' lang='lat' dir='ltr'>nos</span> <span class='ocrx_word' id='word_1_36' title='bbox 669 973 712 1017; x_wconf 88' lang='lat' dir='ltr'>ex</span> <span class='ocrx_word' id='word_1_37' title='bbox 730 953 849 1029; x_wconf 88' lang='lat' dir='ltr'>altera,</span> <span class='ocrx_word' id='word_1_38' title='bbox 866 953 909 1016; x_wconf 91' lang='lat' dir='ltr'>de</span> <span class='ocrx_word' id='word_1_39' title='bbox 925 952 1080 1016; x_wconf 91' lang='lat' dir='ltr'>manerio</span> <span class='ocrx_word' id='word_1_40' title='bbox 1097 951 1140 1016; x_wconf 88' lang='lat' dir='ltr'>de</span> <span class='ocrx_word' id='word_1_41' title='bbox 1154 950 1284 1020; x_wconf 81' lang='lat' dir='ltr'>Arideli</span> 
     </span>
     <span class='ocr_line' id='line_1_7' title="bbox 331 1050 1284 1134; baseline 0 -20"><span class='ocrx_word' id='word_1_42' title='bbox 331 1052 367 1115; x_wconf 91' lang='lat' dir='ltr'>in</span> <span class='ocrx_word' id='word_1_43' title='bbox 388 1051 453 1116; x_wconf 92' lang='lat' dir='ltr'>hac</span> <span class='ocrx_word' id='word_1_44' title='bbox 475 1053 607 1133; x_wconf 83' lang='lat' dir='ltr'>forma3</span> <span class='ocrx_word' id='word_1_45' title='bbox 631 1053 735 1134; x_wconf 91' lang='lat' dir='ltr'>quod,</span> <span class='ocrx_word' id='word_1_46' title='bbox 750 1052 923 1128; x_wconf 89' lang='lat' dir='ltr'>videlicet,</span> <span class='ocrx_word' id='word_1_47' title='bbox 938 1052 1031 1116; x_wconf 92' lang='lat' dir='ltr'>idem</span> <span class='ocrx_word' id='word_1_48' title='bbox 1053 1050 1284 1133; x_wconf 88' lang='lat' dir='ltr'>archiepisco-</span> 
     </span>
     <span class='ocr_line' id='line_1_8' title="bbox 332 1149 1285 1236; baseline 0 -22"><span class='ocrx_word' id='word_1_49' title='bbox 332 1170 397 1234; x_wconf 89' lang='lat' dir='ltr'>pus</span> <span class='ocrx_word' id='word_1_50' title='bbox 411 1152 453 1236; x_wconf 87' lang='lat' dir='ltr'>de</span> <span class='ocrx_word' id='word_1_51' title='bbox 468 1153 677 1216; x_wconf 91' lang='lat' dir='ltr'>conscientia</span> <span class='ocrx_word' id='word_1_52' title='bbox 693 1158 729 1215; x_wconf 93' lang='lat' dir='ltr'>et</span> <span class='ocrx_word' id='word_1_53' title='bbox 744 1151 923 1216; x_wconf 87' lang='lat' dir='ltr'>voluntate</span> <span class='ocrx_word' id='word_1_54' title='bbox 940 1150 1069 1233; x_wconf 86' lang='lat' dir='ltr'>domini</span> <span class='ocrx_word' id='word_1_55' title='bbox 1086 1169 1188 1233; x_wconf 87' lang='lat' dir='ltr'>papae</span> <span class='ocrx_word' id='word_1_56' title='bbox 1205 1149 1285 1215; x_wconf 85' lang='lat' dir='ltr'>Cae-</span> 
     </span>
     <span class='ocr_line' id='line_1_9' title="bbox 332 1249 1283 1334; baseline 0 -21"><span class='ocrx_word' id='word_1_57' title='bbox 332 1250 448 1314; x_wconf 89' lang='lat' dir='ltr'>lestini</span> <span class='ocrx_word' id='word_1_58' title='bbox 461 1251 565 1328; x_wconf 89' lang='lat' dir='ltr'>tertii,</span> <span class='ocrx_word' id='word_1_59' title='bbox 584 1251 676 1315; x_wconf 89' lang='lat' dir='ltr'>etde</span> <span class='ocrx_word' id='word_1_60' title='bbox 693 1270 838 1314; x_wconf 87' lang='lat' dir='ltr'>assensu</span> <span class='ocrx_word' id='word_1_61' title='bbox 856 1250 1002 1334; x_wconf 90' lang='lat' dir='ltr'>capituli</span> <span class='ocrx_word' id='word_1_62' title='bbox 1019 1249 1283 1331; x_wconf 82' lang='lat' dir='ltr'>Rothomagen·</span> 
     </span>
     <span class='ocr_line' id='line_1_10' title="bbox 333 1350 1283 1433; baseline -0.001 -19"><span class='ocrx_word' id='word_1_63' title='bbox 333 1350 381 1414; x_wconf 90' lang='lat' dir='ltr'>sis</span> <span class='ocrx_word' id='word_1_64' title='bbox 402 1350 567 1430; x_wconf 88' lang='lat' dir='ltr'>ecclesiae,</span> <span class='ocrx_word' id='word_1_65' title='bbox 589 1352 759 1415; x_wconf 87' lang='lat' dir='ltr'><strong>concessit</strong></span> <span class='ocrx_word' id='word_1_66' title='bbox 772 1358 815 1414; x_wconf 90' lang='lat' dir='ltr'>et</span> <span class='ocrx_word' id='word_1_67' title='bbox 833 1351 872 1413; x_wconf 89' lang='lat' dir='ltr'>in</span> <span class='ocrx_word' id='word_1_68' title='bbox 899 1355 1104 1433; x_wconf 90' lang='lat' dir='ltr'>perpetuum</span> <span class='ocrx_word' id='word_1_69' title='bbox 1127 1350 1283 1432; x_wconf 90' lang='lat' dir='ltr'>quietum</span> 
     </span>
     <span class='ocr_line' id='line_1_11' title="bbox 305 1448 1283 1532; baseline -0.001 -18"><span class='ocrx_word' id='word_1_70' title='bbox 305 1448 496 1515; x_wconf 79' lang='lat' dir='ltr'>&#39;clamavit</span> <span class='ocrx_word' id='word_1_71' title='bbox 522 1451 622 1515; x_wconf 90' lang='lat' dir='ltr'>nobis</span> <span class='ocrx_word' id='word_1_72' title='bbox 652 1458 687 1514; x_wconf 92' lang='lat' dir='ltr'>et</span> <span class='ocrx_word' id='word_1_73' title='bbox 706 1449 899 1514; x_wconf 78' lang='lat' dir='ltr'>haeredibus</span> <span class='ocrx_word' id='word_1_74' title='bbox 927 1449 1055 1513; x_wconf 87' lang='lat' dir='ltr'>nostiis</span> <span class='ocrx_word' id='word_1_75' title='bbox 1079 1450 1283 1532; x_wconf 86' lang='lat' dir='ltr'>praedictum</span> 
     </span>
     <span class='ocr_line' id='line_1_12' title="bbox 332 1547 1283 1632; baseline 0 -18"><span class='ocrx_word' id='word_1_76' title='bbox 332 1551 523 1614; x_wconf 87' lang='lat' dir='ltr'>manerium</span> <span class='ocrx_word' id='word_1_77' title='bbox 538 1550 581 1614; x_wconf 92' lang='lat' dir='ltr'>de</span> <span class='ocrx_word' id='word_1_78' title='bbox 592 1547 732 1628; x_wconf 80' lang='lat' dir='ltr'>Andeli,</span> <span class='ocrx_word' id='word_1_79' title='bbox 748 1570 826 1613; x_wconf 92' lang='lat' dir='ltr'>cum</span> <span class='ocrx_word' id='word_1_80' title='bbox 851 1549 1102 1614; x_wconf 87' lang='lat' dir='ltr'>novocastello</span> <span class='ocrx_word' id='word_1_81' title='bbox 1119 1550 1161 1613; x_wconf 93' lang='lat' dir='ltr'>de</span> <span class='ocrx_word' id='word_1_82' title='bbox 1179 1549 1283 1632; x_wconf 88' lang='lat' dir='ltr'>Rupe</span> 
     </span>
     <span class='ocr_line' id='line_1_13' title="bbox 333 1649 1283 1732; baseline 0.001 -20"><span class='ocrx_word' id='word_1_83' title='bbox 333 1655 369 1713; x_wconf 91' lang='lat' dir='ltr'>et</span> <span class='ocrx_word' id='word_1_84' title='bbox 390 1670 468 1714; x_wconf 92' lang='lat' dir='ltr'>cum</span> <span class='ocrx_word' id='word_1_85' title='bbox 483 1650 625 1728; x_wconf 83' lang='lat' dir='ltr'>foresta,</span> <span class='ocrx_word' id='word_1_86' title='bbox 641 1658 676 1714; x_wconf 92' lang='lat' dir='ltr'>et</span> <span class='ocrx_word' id='word_1_87' title='bbox 692 1670 769 1713; x_wconf 90' lang='lat' dir='ltr'>cum</span> <span class='ocrx_word' id='word_1_88' title='bbox 788 1651 946 1714; x_wconf 91' lang='lat' dir='ltr'>omnibus</span> <span class='ocrx_word' id='word_1_89' title='bbox 969 1649 1046 1713; x_wconf 87' lang='lat' dir='ltr'>aliis</span> <span class='ocrx_word' id='word_1_90' title='bbox 1068 1650 1283 1732; x_wconf 87' lang='lat' dir='ltr'>pertinentiis</span> 
     </span>
     <span class='ocr_line' id='line_1_14' title="bbox 334 1748 1283 1832; baseline -0.005 -15"><span class='ocrx_word' id='word_1_91' title='bbox 334 1756 369 1817; x_wconf 85' lang='lat' dir='ltr'>et</span> <span class='ocrx_word' id='word_1_92' title='bbox 383 1749 599 1814; x_wconf 86' lang='lat' dir='ltr'>libertatibus</span> <span class='ocrx_word' id='word_1_93' title='bbox 616 1748 700 1826; x_wconf 75' lang='lat' dir='ltr'>s&#39;uiS,</span> <span class='ocrx_word' id='word_1_94' title='bbox 724 1750 878 1832; x_wconf 84' lang='lat' dir='ltr'>exceptis</span> <span class='ocrx_word' id='word_1_95' title='bbox 901 1750 1054 1813; x_wconf 90' lang='lat' dir='ltr'>ecclesiis</span> <span class='ocrx_word' id='word_1_96' title='bbox 1075 1757 1110 1819; x_wconf 87' lang='lat' dir='ltr'>et</span> <span class='ocrx_word' id='word_1_97' title='bbox 1127 1751 1283 1831; x_wconf 88' lang='lat' dir='ltr'>praeben·</span> 
     </span>
     <span class='ocr_line' id='line_1_15' title="bbox 332 1848 1282 1932; baseline 0.001 -21"><span class='ocrx_word' id='word_1_98' title='bbox 332 1848 387 1911; x_wconf 91' lang='lat' dir='ltr'>dis</span> <span class='ocrx_word' id='word_1_99' title='bbox 402 1849 562 1926; x_wconf 90' lang='lat' dir='ltr'>militum,</span> <span class='ocrx_word' id='word_1_100' title='bbox 576 1856 612 1913; x_wconf 89' lang='lat' dir='ltr'>et</span> <span class='ocrx_word' id='word_1_101' title='bbox 629 1856 775 1932; x_wconf 89' lang='lat' dir='ltr'>excepto</span> <span class='ocrx_word' id='word_1_102' title='bbox 792 1848 944 1915; x_wconf 90' lang='lat' dir='ltr'>manerio</span> <span class='ocrx_word' id='word_1_103' title='bbox 960 1850 1002 1913; x_wconf 93' lang='lat' dir='ltr'>de</span> <span class='ocrx_word' id='word_1_104' title='bbox 1021 1849 1185 1913; x_wconf 84' lang='lat' dir='ltr'>Fraxinis</span> <span class='ocrx_word' id='word_1_105' title='bbox 1203 1869 1282 1913; x_wconf 91' lang='lat' dir='ltr'>cum</span> 
     </span>
     <span class='ocr_line' id='line_1_16' title="bbox 334 1948 1283 2032; baseline 0 -20"><span class='ocrx_word' id='word_1_106' title='bbox 334 1949 549 2031; x_wconf 89' lang='lat' dir='ltr'>pertinentiis</span> <span class='ocrx_word' id='word_1_107' title='bbox 578 1950 662 2027; x_wconf 75' lang='lat' dir='ltr'>suia,</span> <span class='ocrx_word' id='word_1_108' title='bbox 687 1969 765 2032; x_wconf 86' lang='lat' dir='ltr'>quae</span> <span class='ocrx_word' id='word_1_109' title='bbox 789 1951 906 2014; x_wconf 91' lang='lat' dir='ltr'>omnia</span> <span class='ocrx_word' id='word_1_110' title='bbox 934 1949 1025 2013; x_wconf 90' lang='lat' dir='ltr'>idem</span> <span class='ocrx_word' id='word_1_111' title='bbox 1054 1948 1283 2030; x_wconf 87' lang='lat' dir='ltr'>archiepisco·</span> 
     </span>
     <span class='ocr_line' id='line_1_17' title="bbox 333 2048 1283 2130; baseline 0 -18"><span class='ocrx_word' id='word_1_112' title='bbox 333 2068 399 2130; x_wconf 86' lang='lat' dir='ltr'>pus</span> <span class='ocrx_word' id='word_1_113' title='bbox 419 2048 573 2112; x_wconf 87' lang='lat' dir='ltr'>ecclesiae</span> <span class='ocrx_word' id='word_1_114' title='bbox 595 2048 868 2130; x_wconf 86' lang='lat' dir='ltr'>Rothomagensi</span> <span class='ocrx_word' id='word_1_115' title='bbox 890 2055 926 2112; x_wconf 92' lang='lat' dir='ltr'>et</span> <span class='ocrx_word' id='word_1_116' title='bbox 951 2049 1017 2112; x_wconf 89' lang='lat' dir='ltr'>sibi</span> <span class='ocrx_word' id='word_1_117' title='bbox 1043 2055 1079 2112; x_wconf 92' lang='lat' dir='ltr'>et</span> <span class='ocrx_word' id='word_1_118' title='bbox 1105 2049 1178 2113; x_wconf 90' lang='lat' dir='ltr'>suis</span> <span class='ocrx_word' id='word_1_119' title='bbox 1204 2068 1283 2112; x_wconf 91' lang='lat' dir='ltr'>suc·</span> 
     </span>
     <span class='ocr_line' id='line_1_18' title="bbox 335 2147 1283 2213; baseline 0.001 -2"><span class='ocrx_word' id='word_1_120' title='bbox 335 2149 528 2212; x_wconf 87' lang='lat' dir='ltr'>cessoribus</span> <span class='ocrx_word' id='word_1_121' title='bbox 546 2149 689 2213; x_wconf 86' lang='lat' dir='ltr'>retinuit</span> <span class='ocrx_word' id='word_1_122' title='bbox 714 2168 793 2212; x_wconf 92' lang='lat' dir='ltr'>cum</span> <span class='ocrx_word' id='word_1_123' title='bbox 821 2148 978 2212; x_wconf 91' lang='lat' dir='ltr'>omnibus</span> <span class='ocrx_word' id='word_1_124' title='bbox 999 2147 1220 2212; x_wconf 83' lang='lat' dir='ltr'>libertatibus</span> <span class='ocrx_word' id='word_1_125' title='bbox 1247 2155 1283 2212; x_wconf 93' lang='lat' dir='ltr'>et</span> 
     </span>
    </p>
   </div>
   <div class='ocr_carea' id='block_1_3' title="bbox 333 2247 1282 2431">
    <p class='ocr_par' dir='ltr' id='par_1_3' title="bbox 333 2247 1282 2431">
     <span class='ocr_line' id='line_1_19' title="bbox 335 2247 1282 2312; baseline 0.001 -2"><span class='ocrx_word' id='word_1_126' title='bbox 335 2247 452 2311; x_wconf 89' lang='lat' dir='ltr'>liberis</span> <span class='ocrx_word' id='word_1_127' title='bbox 483 2249 790 2312; x_wconf 89' lang='lat' dir='ltr'>consuetudinibus</span> <span class='ocrx_word' id='word_1_128' title='bbox 817 2248 889 2311; x_wconf 90' lang='lat' dir='ltr'>suis</span> <span class='ocrx_word' id='word_1_129' title='bbox 913 2255 1050 2312; x_wconf 90' lang='lat' dir='ltr'>etcum</span> <span class='ocrx_word' id='word_1_130' title='bbox 1074 2247 1167 2311; x_wconf 89' lang='lat' dir='ltr'>omni</span> <span class='ocrx_word' id='word_1_131' title='bbox 1192 2248 1282 2311; x_wconf 88' lang='lat' dir='ltr'>inte·</span> 
     </span>
     <span class='ocr_line' id='line_1_20' title="bbox 333 2346 1282 2431; baseline 0.002 -23"><span class='ocrx_word' id='word_1_132' title='bbox 333 2348 463 2427; x_wconf 81' lang='lat' dir='ltr'>gritate</span> <span class='ocrx_word' id='word_1_133' title='bbox 479 2366 542 2410; x_wconf 88' lang='lat' dir='ltr'>sua</span> <span class='ocrx_word' id='word_1_134' title='bbox 556 2348 593 2411; x_wconf 88' lang='lat' dir='ltr'>iu</span> <span class='ocrx_word' id='word_1_135' title='bbox 608 2356 824 2431; x_wconf 87' lang='lat' dir='ltr'>perpetuum.</span> <span class='ocrx_word' id='word_1_136' title='bbox 877 2346 921 2412; x_wconf 95' lang='lat' dir='ltr'>In</span> <span class='ocrx_word' id='word_1_137' title='bbox 938 2347 1146 2411; x_wconf 89' lang='lat' dir='ltr'>escambium</span> <span class='ocrx_word' id='word_1_138' title='bbox 1166 2354 1282 2410; x_wconf 91' lang='lat' dir='ltr'>autem</span> 
     </span>
    </p>
   </div>
   <div class='ocr_carea' id='block_1_4' title="bbox 326 2445 1306 4227">
    <p class='ocr_par' dir='ltr' id='par_1_4' title="bbox 326 2445 1306 4227">
     <span class='ocr_line' id='line_1_21' title="bbox 333 2445 1282 2529; baseline 0.003 -21"><span class='ocrx_word' id='word_1_139' title='bbox 333 2447 477 2510; x_wconf 87' lang='lat' dir='ltr'>manerii</span> <span class='ocrx_word' id='word_1_140' title='bbox 492 2447 648 2528; x_wconf 89' lang='lat' dir='ltr'>praedicti</span> <span class='ocrx_word' id='word_1_141' title='bbox 662 2448 705 2511; x_wconf 91' lang='lat' dir='ltr'>de</span> <span class='ocrx_word' id='word_1_142' title='bbox 716 2445 844 2511; x_wconf 90' lang='lat' dir='ltr'>Andeli</span> <span class='ocrx_word' id='word_1_143' title='bbox 862 2466 940 2511; x_wconf 94' lang='lat' dir='ltr'>cum</span> <span class='ocrx_word' id='word_1_144' title='bbox 956 2446 1185 2529; x_wconf 60' lang='lat' dir='ltr'>pertinentiis</span> <span class='ocrx_word' id='word_1_145' title='bbox 1200 2467 1282 2511; x_wconf 90' lang='lat' dir='ltr'>con·</span> 
     </span>
     <span class='ocr_line' id='line_1_22' title="bbox 334 2545 1283 2629; baseline 0.004 -22"><span class='ocrx_word' id='word_1_146' title='bbox 334 2545 499 2608; x_wconf 88' lang='lat' dir='ltr'>cessimus</span> <span class='ocrx_word' id='word_1_147' title='bbox 513 2553 548 2609; x_wconf 89' lang='lat' dir='ltr'>et</span> <span class='ocrx_word' id='word_1_148' title='bbox 564 2547 600 2609; x_wconf 90' lang='lat' dir='ltr'>in</span> <span class='ocrx_word' id='word_1_149' title='bbox 615 2555 818 2629; x_wconf 89' lang='lat' dir='ltr'>perpetuum</span> <span class='ocrx_word' id='word_1_150' title='bbox 841 2547 958 2629; x_wconf 87' lang='lat' dir='ltr'>quieta</span> <span class='ocrx_word' id='word_1_151' title='bbox 980 2546 1204 2611; x_wconf 85' lang='lat' dir='ltr'>clamavimus</span> <span class='ocrx_word' id='word_1_152' title='bbox 1227 2567 1283 2611; x_wconf 92' lang='lat' dir='ltr'>ec·</span> 
     </span>
     <span class='ocr_line' id='line_1_23' title="bbox 335 2643 1283 2730; baseline 0.005 -24"><span class='ocrx_word' id='word_1_153' title='bbox 335 2643 449 2713; x_wconf 82' lang='lat' dir='ltr'>clasiae</span> <span class='ocrx_word' id='word_1_154' title='bbox 468 2644 756 2728; x_wconf 82' lang='lat' dir='ltr'>Rothomagensi,</span> <span class='ocrx_word' id='word_1_155' title='bbox 779 2654 814 2711; x_wconf 89' lang='lat' dir='ltr'>et</span> <span class='ocrx_word' id='word_1_156' title='bbox 835 2646 1003 2728; x_wconf 87' lang='lat' dir='ltr'>praedicto</span> <span class='ocrx_word' id='word_1_157' title='bbox 1025 2647 1283 2730; x_wconf 89' lang='lat' dir='ltr'>archiepiscopo</span> 
     </span>
     <span class='ocr_line' id='line_1_24' title="bbox 334 2745 1281 2830; baseline 0.006 -25"><span class='ocrx_word' id='word_1_158' title='bbox 334 2749 371 2805; x_wconf 89' lang='lat' dir='ltr'>et</span> <span class='ocrx_word' id='word_1_159' title='bbox 385 2745 640 2824; x_wconf 86' lang='lat' dir='ltr'>successoribus</span> <span class='ocrx_word' id='word_1_160' title='bbox 656 2747 740 2824; x_wconf 90' lang='lat' dir='ltr'>suis,</span> <span class='ocrx_word' id='word_1_161' title='bbox 760 2747 878 2810; x_wconf 67' lang='lat' dir='ltr'>,omnia</span> <span class='ocrx_word' id='word_1_162' title='bbox 900 2745 1108 2824; x_wconf 88' lang='lat' dir='ltr'>molendina,</span> <span class='ocrx_word' id='word_1_163' title='bbox 1123 2766 1202 2830; x_wconf 85' lang='lat' dir='ltr'>quae</span> <span class='ocrx_word' id='word_1_164' title='bbox 1217 2767 1281 2811; x_wconf 90' lang='lat' dir='ltr'>nos</span> 
     </span>
     <span class='ocr_line' id='line_1_25' title="bbox 335 2841 1281 2927; baseline 0.008 -24"><span class='ocrx_word' id='word_1_165' title='bbox 335 2841 518 2907; x_wconf 88' lang='lat' dir='ltr'>habuimus</span> <span class='ocrx_word' id='word_1_166' title='bbox 541 2844 632 2927; x_wconf 87' lang='lat' dir='ltr'>apud</span> <span class='ocrx_word' id='word_1_167' title='bbox 649 2845 908 2926; x_wconf 82' lang='lat' dir='ltr'>Rothomagum</span> <span class='ocrx_word' id='word_1_168' title='bbox 930 2846 1069 2927; x_wconf 88' lang='lat' dir='ltr'>quando</span> <span class='ocrx_word' id='word_1_169' title='bbox 1091 2845 1165 2910; x_wconf 88' lang='lat' dir='ltr'>heeo</span> <span class='ocrx_word' id='word_1_170' title='bbox 1188 2866 1281 2910; x_wconf 91' lang='lat' dir='ltr'>com·</span> 
     </span>
     <span class='ocr_line' id='line_1_26' title="bbox 333 2943 1283 3028; baseline 0.006 -23"><span class='ocrx_word' id='word_1_171' title='bbox 333 2944 483 3007; x_wconf 87' lang='lat' dir='ltr'>mutatio</span> <span class='ocrx_word' id='word_1_172' title='bbox 510 2943 603 3009; x_wconf 88' lang='lat' dir='ltr'>facta</span> <span class='ocrx_word' id='word_1_173' title='bbox 621 2953 686 3023; x_wconf 85' lang='lat' dir='ltr'>est,</span> <span class='ocrx_word' id='word_1_174' title='bbox 710 2946 844 3026; x_wconf 87' lang='lat' dir='ltr'>integre</span> <span class='ocrx_word' id='word_1_175' title='bbox 866 2964 944 3008; x_wconf 92' lang='lat' dir='ltr'>cum</span> <span class='ocrx_word' id='word_1_176' title='bbox 966 2945 1060 3009; x_wconf 91' lang='lat' dir='ltr'>omni</span> <span class='ocrx_word' id='word_1_177' title='bbox 1084 2946 1226 3028; x_wconf 87' lang='lat' dir='ltr'>sequela</span> <span class='ocrx_word' id='word_1_178' title='bbox 1247 2954 1283 3011; x_wconf 92' lang='lat' dir='ltr'>et</span> 
     </span>
     <span class='ocr_line' id='line_1_27' title="bbox 334 3042 1306 3129; baseline 0.007 -25"><span class='ocrx_word' id='word_1_179' title='bbox 334 3042 498 3106; x_wconf 90' lang='lat' dir='ltr'>molitura</span> <span class='ocrx_word' id='word_1_180' title='bbox 511 3063 587 3121; x_wconf 91' lang='lat' dir='ltr'>sua,</span> <span class='ocrx_word' id='word_1_181' title='bbox 599 3044 672 3108; x_wconf 91' lang='lat' dir='ltr'>sine</span> <span class='ocrx_word' id='word_1_182' title='bbox 686 3044 804 3126; x_wconf 91' lang='lat' dir='ltr'>aliquo</span> <span class='ocrx_word' id='word_1_183' title='bbox 820 3045 1038 3109; x_wconf 89' lang='lat' dir='ltr'>retinimento</span> <span class='ocrx_word' id='word_1_184' title='bbox 1055 3065 1186 3123; x_wconf 89' lang='lat' dir='ltr'>eorum,</span> <span class='ocrx_word' id='word_1_185' title='bbox 1203 3065 1282 3129; x_wconf 87' lang='lat' dir='ltr'>quae</span> <span class='ocrx_word' id='word_1_186' title='bbox 1303 3079 1306 3083; x_wconf 92' lang='lat'>·</span> 
     </span>
     <span class='ocr_line' id='line_1_28' title="bbox 332 3141 1283 3226; baseline 0.009 -23"><span class='ocrx_word' id='word_1_187' title='bbox 332 3141 379 3204; x_wconf 85' lang='lat' dir='ltr'>ad</span> <span class='ocrx_word' id='word_1_188' title='bbox 403 3143 635 3207; x_wconf 88' lang='lat' dir='ltr'>molendinum</span> <span class='ocrx_word' id='word_1_189' title='bbox 665 3146 840 3226; x_wconf 88' lang='lat' dir='ltr'>pertinent</span> <span class='ocrx_word' id='word_1_190' title='bbox 866 3143 922 3208; x_wconf 92' lang='lat' dir='ltr'>vel</span> <span class='ocrx_word' id='word_1_191' title='bbox 944 3144 989 3207; x_wconf 93' lang='lat' dir='ltr'>ad</span> <span class='ocrx_word' id='word_1_192' title='bbox 1016 3144 1224 3224; x_wconf 89' lang='lat' dir='ltr'>molituram,</span> <span class='ocrx_word' id='word_1_193' title='bbox 1248 3155 1283 3212; x_wconf 90' lang='lat' dir='ltr'>et</span> 
     </span>
     <span class='ocr_line' id='line_1_29' title="bbox 333 3243 1282 3309; baseline 0 -5"><span class='ocrx_word' id='word_1_194' title='bbox 333 3259 412 3304; x_wconf 91' lang='lat' dir='ltr'>cum</span> <span class='ocrx_word' id='word_1_195' title='bbox 435 3244 592 3306; x_wconf 90' lang='lat' dir='ltr'>omnibus</span> <span class='ocrx_word' id='word_1_196' title='bbox 619 3243 838 3308; x_wconf 88' lang='lat' dir='ltr'>libertatibus</span> <span class='ocrx_word' id='word_1_197' title='bbox 862 3251 898 3307; x_wconf 94' lang='lat' dir='ltr'>et</span> <span class='ocrx_word' id='word_1_198' title='bbox 921 3243 1038 3307; x_wconf 88' lang='lat' dir='ltr'>liberis</span> <span class='ocrx_word' id='word_1_199' title='bbox 1062 3246 1282 3309; x_wconf 86' lang='lat' dir='ltr'>consuetudi.</span> 
     </span>
     <span class='ocr_line' id='line_1_30' title="bbox 331 3341 1283 3425; baseline 0.006 -21"><span class='ocrx_word' id='word_1_200' title='bbox 331 3342 435 3405; x_wconf 89' lang='lat' dir='ltr'>nibus</span> <span class='ocrx_word' id='word_1_201' title='bbox 458 3361 545 3425; x_wconf 89' lang='lat' dir='ltr'>quas</span> <span class='ocrx_word' id='word_1_202' title='bbox 569 3343 685 3406; x_wconf 58' lang='lat' dir='ltr'>solent*</span> <span class='ocrx_word' id='word_1_203' title='bbox 700 3351 736 3407; x_wconf 89' lang='lat' dir='ltr'>et</span> <span class='ocrx_word' id='word_1_204' title='bbox 758 3345 883 3408; x_wconf 90' lang='lat' dir='ltr'>debent</span> <span class='ocrx_word' id='word_1_205' title='bbox 909 3341 1060 3423; x_wconf 89' lang='lat' dir='ltr'>habere;</span> <span class='ocrx_word' id='word_1_206' title='bbox 1091 3363 1155 3408; x_wconf 89' lang='lat' dir='ltr'>nec</span> <span class='ocrx_word' id='word_1_207' title='bbox 1179 3346 1283 3410; x_wconf 91' lang='lat' dir='ltr'>alicui</span> 
     </span>
     <span class='ocr_line' id='line_1_31' title="bbox 333 3439 1281 3508; baseline 0.005 -5"><span class='ocrx_word' id='word_1_208' title='bbox 333 3439 451 3504; x_wconf 92' lang='lat' dir='ltr'>licebit</span> <span class='ocrx_word' id='word_1_209' title='bbox 464 3441 590 3505; x_wconf 91' lang='lat' dir='ltr'>ibidem</span> <span class='ocrx_word' id='word_1_210' title='bbox 606 3442 839 3507; x_wconf 91' lang='lat' dir='ltr'>molendinum</span> <span class='ocrx_word' id='word_1_211' title='bbox 853 3443 966 3507; x_wconf 90' lang='lat' dir='ltr'>sacere</span> <span class='ocrx_word' id='word_1_212' title='bbox 982 3443 1026 3507; x_wconf 90' lang='lat' dir='ltr'>ad</span> <span class='ocrx_word' id='word_1_213' title='bbox 1039 3442 1281 3508; x_wconf 87' lang='lat' dir='ltr'>detrimentum</span> 
     </span>
     <span class='ocr_line' id='line_1_32' title="bbox 333 3539 1284 3623; baseline 0.004 -20"><span class='ocrx_word' id='word_1_214' title='bbox 333 3539 605 3603; x_wconf 89' lang='lat' dir='ltr'>molendinorum</span> <span class='ocrx_word' id='word_1_215' title='bbox 618 3541 872 3623; x_wconf 84' lang='lat' dir='ltr'>praedictorum.</span> <span class='ocrx_word' id='word_1_216' title='bbox 905 3542 1147 3608; x_wconf 88' lang='lat' dir='ltr'>Concessimus</span> <span class='ocrx_word' id='word_1_217' title='bbox 1162 3544 1212 3608; x_wconf 89' lang='lat' dir='ltr'>eis</span> <span class='ocrx_word' id='word_1_218' title='bbox 1225 3545 1284 3607; x_wconf 86' lang='lat' dir='ltr'>in-</span> 
     </span>
     <span class='ocr_line' id='line_1_33' title="bbox 331 3639 1281 3725; baseline 0.007 -25"><span class='ocrx_word' id='word_1_219' title='bbox 331 3658 437 3720; x_wconf 86' lang='lat' dir='ltr'>super</span> <span class='ocrx_word' id='word_1_220' title='bbox 456 3639 573 3703; x_wconf 87' lang='lat' dir='ltr'>villam</span> <span class='ocrx_word' id='word_1_221' title='bbox 592 3641 634 3704; x_wconf 93' lang='lat' dir='ltr'>de</span> <span class='ocrx_word' id='word_1_222' title='bbox 656 3641 767 3725; x_wconf 90' lang='lat' dir='ltr'>Diepe</span> <span class='ocrx_word' id='word_1_223' title='bbox 784 3650 819 3707; x_wconf 89' lang='lat' dir='ltr'>et</span> <span class='ocrx_word' id='word_1_224' title='bbox 834 3642 954 3707; x_wconf 86' lang='lat' dir='ltr'>villam</span> <span class='ocrx_word' id='word_1_225' title='bbox 970 3643 1013 3706; x_wconf 87' lang='lat' dir='ltr'>de</span> <span class='ocrx_word' id='word_1_226' title='bbox 1030 3643 1185 3707; x_wconf 88' lang='lat' dir='ltr'>Buteiles</span> <span class='ocrx_word' id='word_1_227' title='bbox 1203 3664 1281 3714; x_wconf 90' lang='lat' dir='ltr'>cum</span> 
     </span>
     <span class='ocr_line' id='line_1_34' title="bbox 329 3739 1279 3822; baseline 0.009 -23"><span class='ocrx_word' id='word_1_228' title='bbox 329 3739 490 3802; x_wconf 85' lang='lat' dir='ltr'>omuibus</span> <span class='ocrx_word' id='word_1_229' title='bbox 506 3740 722 3822; x_wconf 89' lang='lat' dir='ltr'>pertinentiis</span> <span class='ocrx_word' id='word_1_230' title='bbox 740 3751 776 3807; x_wconf 89' lang='lat' dir='ltr'>et</span> <span class='ocrx_word' id='word_1_231' title='bbox 792 3743 1023 3820; x_wconf 87' lang='lat' dir='ltr'>libertatibus,</span> <span class='ocrx_word' id='word_1_232' title='bbox 1036 3762 1115 3808; x_wconf 91' lang='lat' dir='ltr'>cum</span> <span class='ocrx_word' id='word_1_233' title='bbox 1126 3745 1279 3808; x_wconf 88' lang='lat' dir='ltr'>manerio</span> 
     </span>
     <span class='ocr_line' id='line_1_35' title="bbox 330 3836 1282 3919; baseline 0.009 -21"><span class='ocrx_word' id='word_1_234' title='bbox 330 3836 375 3899; x_wconf 90' lang='lat' dir='ltr'>de</span> <span class='ocrx_word' id='word_1_235' title='bbox 399 3837 530 3902; x_wconf 88' lang='lat' dir='ltr'>Loures</span> <span class='ocrx_word' id='word_1_236' title='bbox 560 3848 594 3904; x_wconf 93' lang='lat' dir='ltr'>et</span> <span class='ocrx_word' id='word_1_237' title='bbox 618 3841 747 3907; x_wconf 89' lang='lat' dir='ltr'>foresta</span> <span class='ocrx_word' id='word_1_238' title='bbox 773 3843 816 3905; x_wconf 90' lang='lat' dir='ltr'>de</span> <span class='ocrx_word' id='word_1_239' title='bbox 841 3841 1076 3919; x_wconf 88' lang='lat' dir='ltr'>Haliermunt,</span> <span class='ocrx_word' id='word_1_240' title='bbox 1099 3861 1176 3905; x_wconf 92' lang='lat' dir='ltr'>cum</span> <span class='ocrx_word' id='word_1_241' title='bbox 1199 3843 1282 3908; x_wconf 89' lang='lat' dir='ltr'>seris</span> 
     </span>
     <span class='ocr_line' id='line_1_36' title="bbox 327 3938 1282 4025; baseline 0.01 -27"><span class='ocrx_word' id='word_1_242' title='bbox 327 3942 369 3999; x_wconf 87' lang='lat' dir='ltr'>et</span> <span class='ocrx_word' id='word_1_243' title='bbox 385 3938 543 4002; x_wconf 88' lang='lat' dir='ltr'>omnibus</span> <span class='ocrx_word' id='word_1_244' title='bbox 560 3942 638 4006; x_wconf 85' lang='lat' dir='ltr'>aliis</span> <span class='ocrx_word' id='word_1_245' title='bbox 660 3942 876 4025; x_wconf 87' lang='lat' dir='ltr'>pertinentiis</span> <span class='ocrx_word' id='word_1_246' title='bbox 899 3947 934 4005; x_wconf 91' lang='lat' dir='ltr'>et</span> <span class='ocrx_word' id='word_1_247' title='bbox 956 3942 1173 4007; x_wconf 89' lang='lat' dir='ltr'>libertatibus</span> <span class='ocrx_word' id='word_1_248' title='bbox 1196 3945 1282 4008; x_wconf 90' lang='lat' dir='ltr'>suis.</span> 
     </span>
     <span class='ocr_line' id='line_1_37' title="bbox 326 4033 1282 4126; baseline 0.01 -29"><span class='ocrx_word' id='word_1_249' title='bbox 326 4033 423 4099; x_wconf 86' lang='lat' dir='ltr'>Haec</span> <span class='ocrx_word' id='word_1_250' title='bbox 445 4045 559 4102; x_wconf 89' lang='lat' dir='ltr'>autem</span> <span class='ocrx_word' id='word_1_251' title='bbox 583 4041 699 4105; x_wconf 91' lang='lat' dir='ltr'>omnia</span> <span class='ocrx_word' id='word_1_252' title='bbox 715 4043 751 4104; x_wconf 95' lang='lat' dir='ltr'>in</span> <span class='ocrx_word' id='word_1_253' title='bbox 768 4042 978 4107; x_wconf 91' lang='lat' dir='ltr'>escambium</span> <span class='ocrx_word' id='word_1_254' title='bbox 995 4041 1171 4106; x_wconf 92' lang='lat' dir='ltr'>habebunt</span> <span class='ocrx_word' id='word_1_255' title='bbox 1192 4063 1282 4126; x_wconf 88' lang='lat' dir='ltr'>prae-</span> 
     </span>
     <span class='ocr_line' id='line_1_38' title="bbox 332 4133 1283 4227; baseline 0.012 -29"><span class='ocrx_word' id='word_1_256' title='bbox 332 4133 415 4200; x_wconf 92' lang='lat' dir='ltr'>dicti</span> <span class='ocrx_word' id='word_1_257' title='bbox 437 4139 580 4203; x_wconf 90' lang='lat' dir='ltr'>manerii</span> <span class='ocrx_word' id='word_1_258' title='bbox 604 4141 645 4205; x_wconf 93' lang='lat' dir='ltr'>de</span> <span class='ocrx_word' id='word_1_259' title='bbox 668 4139 795 4205; x_wconf 89' lang='lat' dir='ltr'>Andeli</span> <span class='ocrx_word' id='word_1_260' title='bbox 817 4140 964 4206; x_wconf 88' lang='lat' dir='ltr'>ecclesia</span> <span class='ocrx_word' id='word_1_261' title='bbox 987 4141 1283 4227; x_wconf 81' lang='lat' dir='ltr'>Rothomagensis</span> 
     </span>
    </p>
   </div>
   <div class='ocr_carea' id='block_1_5' title="bbox 0 0 1434 4876">
    <p class='ocr_par' dir='ltr' id='par_1_5' title="bbox 0 0 1434 4876">
     <span class='ocr_line' id='line_1_39' title="bbox 0 0 1434 4876; baseline 0 0"><span class='ocrx_word' id='word_1_262' title='bbox 0 0 1434 4876; x_wconf 95' lang='lat' dir='ltr'> </span> 
     </span>
    </p>
   </div>
  </div>
 </body>
</html>
