<?xml version="1.0" encoding="UTF-8"?>
<!DOCTYPE html PUBLIC "-//W3C//DTD XHTML 1.0 Transitional//EN"
    "http://www.w3.org/TR/xhtml1/DTD/xhtml1-transitional.dtd">
<html xmlns="http://www.w3.org/1999/xhtml" xml:lang="en" lang="en">
 <head>
  <title>
</title>
<meta http-equiv="Content-Type" content="text/html;charset=utf-8" />
  <meta name='ocr-system' content='tesseract 3.04.00' />
  <meta name='ocr-capabilities' content='ocr_page ocr_carea ocr_par ocr_line ocrx_word'/>
</head>
<body>
  <div class='ocr_page' id='page_1' title='image "./rogeridewendove06rogegoog_0226.png"; bbox 0 0 2858 4876; ppageno 0'>
   <div class='ocr_carea' id='block_1_1' title="bbox 420 387 1114 455">
    <p class='ocr_par' dir='ltr' id='par_1_1' title="bbox 420 387 1114 455">
     <span class='ocr_line' id='line_1_1' title="bbox 420 387 1114 455; baseline 0.004 -4"><span class='ocrx_word' id='word_1_1' title='bbox 420 402 560 451; x_wconf 76' lang='lat' dir='ltr'>annuns</span> <span class='ocrx_word' id='word_1_2' title='bbox 584 403 853 452; x_wconf 79' lang='lat' dir='ltr'>msronmauu.</span> <span class='ocrx_word' id='word_1_3' title='bbox 1046 387 1114 455; x_wconf 79' lang='lat'>21⁷</span> 
     </span>
    </p>
   </div>
   <div class='ocr_carea' id='block_1_2' title="bbox 73 558 1277 4242">
    <p class='ocr_par' dir='ltr' id='par_1_2' title="bbox 73 558 1277 4242">
     <span class='ocr_line' id='line_1_2' title="bbox 161 558 1249 667; baseline 0.005 -45"><span class='ocrx_word' id='word_1_4' title='bbox 161 558 329 643; x_wconf 81' lang='lat' dir='ltr'>derogare</span> <span class='ocrx_word' id='word_1_5' title='bbox 354 560 595 645; x_wconf 85' lang='lat' dir='ltr'>praesumpsit3</span> <span class='ocrx_word' id='word_1_6' title='bbox 622 563 789 646; x_wconf 89' lang='lat' dir='ltr'>quasdam</span> <span class='ocrx_word' id='word_1_7' title='bbox 816 562 961 626; x_wconf 87' lang='lat' dir='ltr'>frivolas</span> <span class='ocrx_word' id='word_1_8' title='bbox 984 562 1112 628; x_wconf 88' lang='lat' dir='ltr'>occasi·</span> <span class='ocrx_word' id='word_1_9' title='bbox 1125 577 1238 667; x_wconf 67' lang='lat' dir='ltr'>b?</span> <span class='ocrx_word' id='word_1_10' title='bbox 1176 578 1249 618; x_wconf 80' lang='lat'><strong>··¹2⁰⁷</strong></span> 
     </span>
     <span class='ocr_line' id='line_1_3' title="bbox 163 627 1277 777; baseline 0.004 -54"><span class='ocrx_word' id='word_1_11' title='bbox 163 679 248 724; x_wconf 90' lang='lat' dir='ltr'>ones</span> <span class='ocrx_word' id='word_1_12' title='bbox 276 662 506 743; x_wconf 86' lang='lat' dir='ltr'>praetendens,</span> <span class='ocrx_word' id='word_1_13' title='bbox 529 663 654 745; x_wconf 91' lang='lat' dir='ltr'>quibus</span> <span class='ocrx_word' id='word_1_14' title='bbox 674 664 813 740; x_wconf 89' lang='lat' dir='ltr'>asseris,</span> <span class='ocrx_word' id='word_1_15' title='bbox 837 662 930 745; x_wconf 93' lang='lat' dir='ltr'>quod</span> <span class='ocrx_word' id='word_1_16' title='bbox 953 627 1277 777; x_wconf 35' lang='lat' dir='ltr'>electionissffii‘eia</span> 
     </span>
     <span class='ocr_line' id='line_1_4' title="bbox 162 758 1114 845; baseline 0.005 -23"><span class='ocrx_word' id='word_1_17' title='bbox 162 758 205 823; x_wconf 99' lang='lat' dir='ltr'>de</span> <span class='ocrx_word' id='word_1_18' title='bbox 227 760 354 827; x_wconf 89' lang='lat' dir='ltr'>dilecto</span> <span class='ocrx_word' id='word_1_19' title='bbox 379 761 450 825; x_wconf 88' lang='lat' dir='ltr'>filio</span> <span class='ocrx_word' id='word_1_20' title='bbox 471 769 589 826; x_wconf 88' lang='lat' dir='ltr'>nostro</span> <span class='ocrx_word' id='word_1_21' title='bbox 616 762 783 845; x_wconf 89' lang='lat' dir='ltr'>magistro</span> <span class='ocrx_word' id='word_1_22' title='bbox 806 761 995 845; x_wconf 89' lang='lat' dir='ltr'>Stephano,</span> <span class='ocrx_word' id='word_1_23' title='bbox 1010 763 1114 828; x_wconf 87' lang='lat' dir='ltr'>titulo</span> 
     </span>
     <span class='ocr_line' id='line_1_5' title="bbox 161 860 1114 946; baseline 0.004 -23"><span class='ocrx_word' id='word_1_24' title='bbox 161 861 274 924; x_wconf 89' lang='lat' dir='ltr'>sancti</span> <span class='ocrx_word' id='word_1_25' title='bbox 298 860 515 946; x_wconf 84' lang='lat' dir='ltr'>Chrysogoni</span> <span class='ocrx_word' id='word_1_26' title='bbox 534 863 734 946; x_wconf 88' lang='lat' dir='ltr'>presbytero</span> <span class='ocrx_word' id='word_1_27' title='bbox 757 863 935 940; x_wconf 83' lang='lat' dir='ltr'><strong>cardinali,</strong></span> <span class='ocrx_word' id='word_1_28' title='bbox 955 883 977 926; x_wconf 91' lang='lat' dir='ltr'>a</span> <span class='ocrx_word' id='word_1_29' title='bbox 992 883 1114 927; x_wconf 90' lang='lat' dir='ltr'>mona·</span> 
     </span>
     <span class='ocr_line' id='line_1_6' title="bbox 163 958 1114 1046; baseline 0.006 -25"><span class='ocrx_word' id='word_1_30' title='bbox 163 958 237 1024; x_wconf 90' lang='lat' dir='ltr'>cbis</span> <span class='ocrx_word' id='word_1_31' title='bbox 264 959 572 1026; x_wconf 79' lang='lat' dir='ltr'>cantuariensibus</span> <span class='ocrx_word' id='word_1_32' title='bbox 599 963 783 1026; x_wconf 77' lang='lat' dir='ltr'>celebratae</span> <span class='ocrx_word' id='word_1_33' title='bbox 808 982 877 1026; x_wconf 93' lang='lat' dir='ltr'>non</span> <span class='ocrx_word' id='word_1_34' title='bbox 901 970 1000 1046; x_wconf 89' lang='lat' dir='ltr'>potes</span> <span class='ocrx_word' id='word_1_35' title='bbox 1025 983 1114 1046; x_wconf 89' lang='lat' dir='ltr'>prae-</span> 
     </span>
     <span class='ocr_line' id='line_1_7' title="bbox 163 1063 1114 1145; baseline 0.001 -21"><span class='ocrx_word' id='word_1_36' title='bbox 163 1066 256 1124; x_wconf 87' lang='lat' dir='ltr'>stare</span> <span class='ocrx_word' id='word_1_37' title='bbox 282 1080 498 1139; x_wconf 89' lang='lat' dir='ltr'>consensum,</span> <span class='ocrx_word' id='word_1_38' title='bbox 524 1063 607 1145; x_wconf 91' lang='lat' dir='ltr'>quia</span> <span class='ocrx_word' id='word_1_39' title='bbox 624 1063 785 1127; x_wconf 84' lang='lat' dir='ltr'>videlicet</span> <span class='ocrx_word' id='word_1_40' title='bbox 809 1063 900 1126; x_wconf 87' lang='lat' dir='ltr'>inter</span> <span class='ocrx_word' id='word_1_41' title='bbox 925 1070 1004 1127; x_wconf 90' lang='lat' dir='ltr'>tuos</span> <span class='ocrx_word' id='word_1_42' title='bbox 1032 1083 1114 1127; x_wconf 90' lang='lat' dir='ltr'>con-</span> 
     </span>
     <span class='ocr_line' id='line_1_8' title="bbox 163 1162 1114 1246; baseline 0.006 -24"><span class='ocrx_word' id='word_1_43' title='bbox 163 1168 323 1225; x_wconf 87' lang='lat' dir='ltr'>versatus</span> <span class='ocrx_word' id='word_1_44' title='bbox 354 1169 408 1225; x_wconf 88' lang='lat' dir='ltr'>cst</span> <span class='ocrx_word' id='word_1_45' title='bbox 434 1162 591 1226; x_wconf 90' lang='lat' dir='ltr'>inimicos</span> <span class='ocrx_word' id='word_1_46' title='bbox 623 1169 658 1226; x_wconf 90' lang='lat' dir='ltr'>et</span> <span class='ocrx_word' id='word_1_47' title='bbox 684 1182 833 1244; x_wconf 91' lang='lat' dir='ltr'>persona</span> <span class='ocrx_word' id='word_1_48' title='bbox 863 1162 939 1246; x_wconf 91' lang='lat' dir='ltr'>ejus</span> <span class='ocrx_word' id='word_1_49' title='bbox 969 1169 1024 1226; x_wconf 89' lang='lat' dir='ltr'>est</span> <span class='ocrx_word' id='word_1_50' title='bbox 1051 1165 1114 1228; x_wconf 91' lang='lat' dir='ltr'>tibi</span> 
     </span>
     <span class='ocr_line' id='line_1_9' title="bbox 164 1261 1116 1346; baseline 0.005 -24"><span class='ocrx_word' id='word_1_51' title='bbox 164 1278 305 1341; x_wconf 87' lang='lat' dir='ltr'>prorsus</span> <span class='ocrx_word' id='word_1_52' title='bbox 325 1261 459 1343; x_wconf 89' lang='lat' dir='ltr'>ignota.</span> <span class='ocrx_word' id='word_1_53' title='bbox 505 1261 616 1326; x_wconf 92' lang='lat' dir='ltr'>Porro</span> <span class='ocrx_word' id='word_1_54' title='bbox 638 1263 746 1346; x_wconf 89' lang='lat' dir='ltr'>juxta</span> <span class='ocrx_word' id='word_1_55' title='bbox 774 1262 992 1345; x_wconf 86' lang='lat' dir='ltr'>proverbium</span> <span class='ocrx_word' id='word_1_56' title='bbox 1016 1262 1116 1327; x_wconf 89' lang='lat' dir='ltr'>Salo-</span> 
     </span>
     <span class='ocr_line' id='line_1_10' title="bbox 164 1359 1114 1445; baseline 0.005 -23"><span class='ocrx_word' id='word_1_57' title='bbox 164 1359 288 1438; x_wconf 87' lang='lat' dir='ltr'>monis,</span> <span class='ocrx_word' id='word_1_58' title='bbox 300 1361 467 1425; x_wconf 83' lang='lat' dir='ltr'>‘Frustra</span> <span class='ocrx_word' id='word_1_59' title='bbox 479 1361 610 1445; x_wconf 89' lang='lat' dir='ltr'>jacitur</span> <span class='ocrx_word' id='word_1_60' title='bbox 626 1370 699 1426; x_wconf 89' lang='lat' dir='ltr'>rete</span> <span class='ocrx_word' id='word_1_61' title='bbox 714 1370 795 1426; x_wconf 90' lang='lat' dir='ltr'>ante</span> <span class='ocrx_word' id='word_1_62' title='bbox 809 1362 930 1426; x_wconf 91' lang='lat' dir='ltr'>oculos</span> <span class='ocrx_word' id='word_1_63' title='bbox 948 1369 1114 1444; x_wconf 89' lang='lat' dir='ltr'>pennato-</span> 
     </span>
     <span class='ocr_line' id='line_1_11' title="bbox 164 1459 1113 1544; baseline 0.004 -22"><span class='ocrx_word' id='word_1_64' title='bbox 164 1459 263 1538; x_wconf 88' lang='lat' dir='ltr'>rum,&#39;</span> <span class='ocrx_word' id='word_1_65' title='bbox 273 1480 351 1524; x_wconf 91' lang='lat' dir='ltr'>cnm</span> <span class='ocrx_word' id='word_1_66' title='bbox 363 1461 598 1543; x_wconf 85' lang='lat' dir='ltr'>intelligamus</span> <span class='ocrx_word' id='word_1_67' title='bbox 613 1462 699 1526; x_wconf 95' lang='lat' dir='ltr'>illud</span> <span class='ocrx_word' id='word_1_68' title='bbox 717 1463 748 1526; x_wconf 95' lang='lat' dir='ltr'>ei</span> <span class='ocrx_word' id='word_1_69' title='bbox 763 1482 832 1526; x_wconf 94' lang='lat' dir='ltr'>non</span> <span class='ocrx_word' id='word_1_70' title='bbox 848 1482 924 1526; x_wconf 88' lang='lat' dir='ltr'>esse</span> <span class='ocrx_word' id='word_1_71' title='bbox 937 1462 1113 1544; x_wconf 90' lang='lat' dir='ltr'>imputan-</span> 
     </span>
     <span class='ocr_line' id='line_1_12' title="bbox 164 1558 1112 1645; baseline 0.005 -24"><span class='ocrx_word' id='word_1_72' title='bbox 164 1558 246 1622; x_wconf 92' lang='lat' dir='ltr'>dum</span> <span class='ocrx_word' id='word_1_73' title='bbox 266 1560 310 1623; x_wconf 86' lang='lat' dir='ltr'>ad</span> <span class='ocrx_word' id='word_1_74' title='bbox 335 1561 485 1645; x_wconf 86' lang='lat' dir='ltr'>culpam,</span> <span class='ocrx_word' id='word_1_75' title='bbox 511 1562 572 1625; x_wconf 90' lang='lat' dir='ltr'>sed</span> <span class='ocrx_word' id='word_1_76' title='bbox 597 1562 641 1625; x_wconf 90' lang='lat' dir='ltr'>ad</span> <span class='ocrx_word' id='word_1_77' title='bbox 670 1563 816 1644; x_wconf 85' lang='lat' dir='ltr'>gloriam</span> <span class='ocrx_word' id='word_1_78' title='bbox 840 1563 956 1645; x_wconf 87' lang='lat' dir='ltr'>potins</span> <span class='ocrx_word' id='word_1_79' title='bbox 981 1562 1112 1626; x_wconf 89' lang='lat' dir='ltr'>adscri-</span> 
     </span>
     <span class='ocr_line' id='line_1_13' title="bbox 163 1659 1112 1745; baseline 0.003 -23"><span class='ocrx_word' id='word_1_80' title='bbox 163 1659 324 1739; x_wconf 90' lang='lat' dir='ltr'>bendum,</span> <span class='ocrx_word' id='word_1_81' title='bbox 351 1661 456 1745; x_wconf 89' lang='lat' dir='ltr'>quod,</span> <span class='ocrx_word' id='word_1_82' title='bbox 482 1661 638 1726; x_wconf 88' lang='lat' dir='ltr'>Parisius</span> <span class='ocrx_word' id='word_1_83' title='bbox 666 1663 725 1726; x_wconf 94' lang='lat' dir='ltr'>diu</span> <span class='ocrx_word' id='word_1_84' title='bbox 753 1682 881 1727; x_wconf 83' lang='lat' dir='ltr'>vacans</span> <span class='ocrx_word' id='word_1_85' title='bbox 913 1661 1112 1727; x_wconf 84' lang='lat' dir='ltr'>liberalibus</span> 
     </span>
     <span class='ocr_line' id='line_1_14' title="bbox 163 1759 1113 1843; baseline 0.003 -19"><span class='ocrx_word' id='word_1_86' title='bbox 163 1759 299 1838; x_wconf 86' lang='lat' dir='ltr'>studiis,</span> <span class='ocrx_word' id='word_1_87' title='bbox 308 1761 345 1824; x_wconf 91' lang='lat' dir='ltr'>in</span> <span class='ocrx_word' id='word_1_88' title='bbox 357 1768 492 1825; x_wconf 89' lang='lat' dir='ltr'>tantum</span> <span class='ocrx_word' id='word_1_89' title='bbox 505 1761 699 1843; x_wconf 85' lang='lat' dir='ltr'>profecerit,</span> <span class='ocrx_word' id='word_1_90' title='bbox 715 1769 755 1826; x_wconf 85' lang='lat' dir='ltr'>ut</span> <span class='ocrx_word' id='word_1_91' title='bbox 763 1763 926 1826; x_wconf 90' lang='lat' dir='ltr'>meruerit</span> <span class='ocrx_word' id='word_1_92' title='bbox 941 1781 1016 1826; x_wconf 90' lang='lat' dir='ltr'>esse</span> <span class='ocrx_word' id='word_1_93' title='bbox 1033 1762 1113 1827; x_wconf 91' lang='lat' dir='ltr'>doc-</span> 
     </span>
     <span class='ocr_line' id='line_1_15' title="bbox 165 1861 1113 1927; baseline 0.002 -4"><span class='ocrx_word' id='word_1_94' title='bbox 165 1866 221 1923; x_wconf 88' lang='lat' dir='ltr'>tor</span> <span class='ocrx_word' id='word_1_95' title='bbox 242 1878 311 1924; x_wconf 94' lang='lat' dir='ltr'>non</span> <span class='ocrx_word' id='word_1_96' title='bbox 335 1861 446 1925; x_wconf 91' lang='lat' dir='ltr'>solum</span> <span class='ocrx_word' id='word_1_97' title='bbox 468 1861 503 1924; x_wconf 95' lang='lat' dir='ltr'>in</span> <span class='ocrx_word' id='word_1_98' title='bbox 526 1862 725 1925; x_wconf 88' lang='lat' dir='ltr'>liberalibus</span> <span class='ocrx_word' id='word_1_99' title='bbox 747 1862 970 1927; x_wconf 85' lang='lat' dir='ltr'>facultatibus</span> <span class='ocrx_word' id='word_1_100' title='bbox 994 1881 1113 1926; x_wconf 83' lang='lat' dir='ltr'>verum</span> 
     </span>
     <span class='ocr_line' id='line_1_16' title="bbox 167 1959 1112 2045; baseline 0.002 -22"><span class='ocrx_word' id='word_1_101' title='bbox 167 1965 202 2025; x_wconf 90' lang='lat' dir='ltr'>et</span> <span class='ocrx_word' id='word_1_102' title='bbox 221 1960 258 2024; x_wconf 92' lang='lat' dir='ltr'>in</span> <span class='ocrx_word' id='word_1_103' title='bbox 276 1959 480 2043; x_wconf 86' lang='lat' dir='ltr'>theologicis</span> <span class='ocrx_word' id='word_1_104' title='bbox 503 1961 706 2045; x_wconf 90' lang='lat' dir='ltr'>disciplinis,</span> <span class='ocrx_word' id='word_1_105' title='bbox 729 1981 769 2026; x_wconf 90' lang='lat' dir='ltr'>ac</span> <span class='ocrx_word' id='word_1_106' title='bbox 792 1962 821 2025; x_wconf 90' lang='lat' dir='ltr'>si</span> <span class='ocrx_word' id='word_1_107' title='bbox 846 1982 907 2045; x_wconf 89' lang='lat' dir='ltr'>per</span> <span class='ocrx_word' id='word_1_108' title='bbox 934 1961 1012 2038; x_wconf 91' lang='lat' dir='ltr'>hoc,</span> <span class='ocrx_word' id='word_1_109' title='bbox 1033 1981 1112 2025; x_wconf 89' lang='lat' dir='ltr'>cum</span> 
     </span>
     <span class='ocr_line' id='line_1_17' title="bbox 164 2059 1113 2145; baseline 0.001 -21"><span class='ocrx_word' id='word_1_110' title='bbox 164 2060 239 2125; x_wconf 86' lang='lat' dir='ltr'>vita</span> <span class='ocrx_word' id='word_1_111' title='bbox 255 2059 440 2125; x_wconf 86' lang='lat' dir='ltr'>concordet</span> <span class='ocrx_word' id='word_1_112' title='bbox 455 2061 633 2139; x_wconf 90' lang='lat' dir='ltr'>doctrinae,</span> <span class='ocrx_word' id='word_1_113' title='bbox 651 2061 777 2144; x_wconf 90' lang='lat' dir='ltr'>dignus</span> <span class='ocrx_word' id='word_1_114' title='bbox 799 2069 852 2125; x_wconf 89' lang='lat' dir='ltr'>est</span> <span class='ocrx_word' id='word_1_115' title='bbox 869 2061 1008 2125; x_wconf 94' lang='lat' dir='ltr'>habitus</span> <span class='ocrx_word' id='word_1_116' title='bbox 1024 2081 1113 2145; x_wconf 89' lang='lat' dir='ltr'>prae·</span> 
     </span>
     <span class='ocr_line' id='line_1_18' title="bbox 164 2160 1111 2243; baseline 0.001 -19"><span class='ocrx_word' id='word_1_117' title='bbox 164 2160 311 2224; x_wconf 90' lang='lat' dir='ltr'>bendam</span> <span class='ocrx_word' id='word_1_118' title='bbox 327 2160 557 2225; x_wconf 88' lang='lat' dir='ltr'>Parisiensem</span> <span class='ocrx_word' id='word_1_119' title='bbox 574 2163 741 2226; x_wconf 88' lang='lat' dir='ltr'>obtinere.</span> <span class='ocrx_word' id='word_1_120' title='bbox 768 2161 870 2226; x_wconf 92' lang='lat' dir='ltr'>Unde</span> <span class='ocrx_word' id='word_1_121' title='bbox 885 2160 1040 2225; x_wconf 86' lang='lat' dir='ltr'>mirabile</span> <span class='ocrx_word' id='word_1_122' title='bbox 1054 2181 1111 2243; x_wconf 87' lang='lat' dir='ltr'>ge·</span> 
     </span>
     <span class='ocr_line' id='line_1_19' title="bbox 164 2260 1112 2344; baseline 0.001 -21"><span class='ocrx_word' id='word_1_123' title='bbox 164 2260 284 2339; x_wconf 87' lang='lat' dir='ltr'>rimus,</span> <span class='ocrx_word' id='word_1_124' title='bbox 297 2261 327 2324; x_wconf 87' lang='lat' dir='ltr'>si</span> <span class='ocrx_word' id='word_1_125' title='bbox 346 2261 398 2326; x_wconf 90' lang='lat' dir='ltr'>vir</span> <span class='ocrx_word' id='word_1_126' title='bbox 415 2262 504 2325; x_wconf 88' lang='lat' dir='ltr'>tanti</span> <span class='ocrx_word' id='word_1_127' title='bbox 526 2262 673 2325; x_wconf 91' lang='lat' dir='ltr'>nominis</span> <span class='ocrx_word' id='word_1_128' title='bbox 697 2262 740 2325; x_wconf 92' lang='lat' dir='ltr'>de</span> <span class='ocrx_word' id='word_1_129' title='bbox 762 2267 823 2326; x_wconf 92' lang='lat' dir='ltr'>tuo</span> <span class='ocrx_word' id='word_1_130' title='bbox 847 2281 955 2344; x_wconf 90' lang='lat' dir='ltr'>regno</span> <span class='ocrx_word' id='word_1_131' title='bbox 982 2261 1112 2325; x_wconf 90' lang='lat' dir='ltr'>ducens</span> 
     </span>
     <span class='ocr_line' id='line_1_20' title="bbox 165 2360 1112 2444; baseline 0.001 -21"><span class='ocrx_word' id='word_1_132' title='bbox 165 2360 331 2442; x_wconf 81' lang='lat' dir='ltr'>originem</span> <span class='ocrx_word' id='word_1_133' title='bbox 352 2361 416 2426; x_wconf 92' lang='lat' dir='ltr'>tibi</span> <span class='ocrx_word' id='word_1_134' title='bbox 441 2362 555 2444; x_wconf 91' lang='lat' dir='ltr'>potuit</span> <span class='ocrx_word' id='word_1_135' title='bbox 578 2381 666 2444; x_wconf 88' lang='lat' dir='ltr'>esse,</span> <span class='ocrx_word' id='word_1_136' title='bbox 692 2361 815 2425; x_wconf 90' lang='lat' dir='ltr'>saltem</span> <span class='ocrx_word' id='word_1_137' title='bbox 836 2362 950 2444; x_wconf 92' lang='lat' dir='ltr'>quoad</span> <span class='ocrx_word' id='word_1_138' title='bbox 972 2361 1112 2439; x_wconf 87' lang='lat' dir='ltr'>lamam,</span> 
     </span>
     <span class='ocr_line' id='line_1_21' title="bbox 163 2459 1112 2544; baseline 0.001 -20"><span class='ocrx_word' id='word_1_139' title='bbox 163 2459 318 2541; x_wconf 87' lang='lat' dir='ltr'>ignotus,</span> <span class='ocrx_word' id='word_1_140' title='bbox 340 2463 531 2543; x_wconf 86' lang='lat' dir='ltr'>praesertim</span> <span class='ocrx_word' id='word_1_141' title='bbox 550 2481 628 2525; x_wconf 92' lang='lat' dir='ltr'>cum</span> <span class='ocrx_word' id='word_1_142' title='bbox 653 2468 707 2525; x_wconf 90' lang='lat' dir='ltr'>ter</span> <span class='ocrx_word' id='word_1_143' title='bbox 728 2461 926 2544; x_wconf 87' lang='lat' dir='ltr'>scripsisses</span> <span class='ocrx_word' id='word_1_144' title='bbox 944 2461 995 2525; x_wconf 92' lang='lat' dir='ltr'>illi</span> <span class='ocrx_word' id='word_1_145' title='bbox 1015 2469 1112 2544; x_wconf 91' lang='lat' dir='ltr'>post·</span> 
     </span>
     <span class='ocr_line' id='line_1_22' title="bbox 164 2560 1110 2645; baseline 0 -21"><span class='ocrx_word' id='word_1_146' title='bbox 164 2579 270 2641; x_wconf 87' lang='lat' dir='ltr'>quam</span> <span class='ocrx_word' id='word_1_147' title='bbox 296 2579 319 2624; x_wconf 90' lang='lat' dir='ltr'>a</span> <span class='ocrx_word' id='word_1_148' title='bbox 342 2560 441 2624; x_wconf 91' lang='lat' dir='ltr'>nobis</span> <span class='ocrx_word' id='word_1_149' title='bbox 464 2561 601 2625; x_wconf 83' lang='lat' dir='ltr'>exstitit</span> <span class='ocrx_word' id='word_1_150' title='bbox 629 2561 665 2624; x_wconf 93' lang='lat' dir='ltr'>in</span> <span class='ocrx_word' id='word_1_151' title='bbox 690 2560 899 2626; x_wconf 88' lang='lat' dir='ltr'>cardinalem</span> <span class='ocrx_word' id='word_1_152' title='bbox 923 2568 1110 2645; x_wconf 85' lang='lat' dir='ltr'>promotus,</span> 
     </span>
     <span class='ocr_line' id='line_1_23' title="bbox 164 2659 1112 2743; baseline 0.002 -21"><span class='ocrx_word' id='word_1_153' title='bbox 164 2659 270 2741; x_wconf 90' lang='lat' dir='ltr'>qnod,</span> <span class='ocrx_word' id='word_1_154' title='bbox 285 2659 366 2724; x_wconf 89' lang='lat' dir='ltr'>licet</span> <span class='ocrx_word' id='word_1_155' title='bbox 380 2660 590 2743; x_wconf 89' lang='lat' dir='ltr'>disposueris</span> <span class='ocrx_word' id='word_1_156' title='bbox 606 2681 684 2725; x_wconf 92' lang='lat' dir='ltr'>eum</span> <span class='ocrx_word' id='word_1_157' title='bbox 707 2662 750 2724; x_wconf 91' lang='lat' dir='ltr'>ad</span> <span class='ocrx_word' id='word_1_158' title='bbox 774 2668 844 2725; x_wconf 88' lang='lat' dir='ltr'>tuae</span> <span class='ocrx_word' id='word_1_159' title='bbox 866 2661 1112 2725; x_wconf 85' lang='lat' dir='ltr'>familiaritatis</span> 
     </span>
     <span class='ocr_line' id='line_1_24' title="bbox 164 2760 1114 2845; baseline 0.001 -22"><span class='ocrx_word' id='word_1_160' title='bbox 164 2760 367 2843; x_wconf 89' lang='lat' dir='ltr'>obsequium</span> <span class='ocrx_word' id='word_1_161' title='bbox 381 2779 537 2838; x_wconf 82' lang='lat' dir='ltr'>evocare,</span> <span class='ocrx_word' id='word_1_162' title='bbox 553 2761 729 2843; x_wconf 88' lang='lat' dir='ltr'>gaudebas</span> <span class='ocrx_word' id='word_1_163' title='bbox 746 2769 861 2825; x_wconf 88' lang='lat' dir='ltr'>tamen</span> <span class='ocrx_word' id='word_1_164' title='bbox 876 2762 968 2845; x_wconf 92' lang='lat' dir='ltr'>quod</span> <span class='ocrx_word' id='word_1_165' title='bbox 986 2761 1030 2825; x_wconf 93' lang='lat' dir='ltr'>ad</span> <span class='ocrx_word' id='word_1_166' title='bbox 1043 2780 1114 2824; x_wconf 91' lang='lat' dir='ltr'>ma-</span> 
     </span>
     <span class='ocr_line' id='line_1_25' title="bbox 160 2859 1114 2944; baseline 0.001 -21"><span class='ocrx_word' id='word_1_167' title='bbox 160 2859 221 2944; x_wconf 88' lang='lat' dir='ltr'>jus</span> <span class='ocrx_word' id='word_1_168' title='bbox 238 2867 313 2924; x_wconf 90' lang='lat' dir='ltr'>erat</span> <span class='ocrx_word' id='word_1_169' title='bbox 328 2859 475 2925; x_wconf 91' lang='lat' dir='ltr'>officium</span> <span class='ocrx_word' id='word_1_170' title='bbox 489 2860 706 2925; x_wconf 88' lang='lat' dir='ltr'>sublimatus.</span> <span class='ocrx_word' id='word_1_171' title='bbox 758 2860 825 2926; x_wconf 90' lang='lat' dir='ltr'>Sed</span> <span class='ocrx_word' id='word_1_172' title='bbox 840 2860 925 2924; x_wconf 93' lang='lat' dir='ltr'>illud</span> <span class='ocrx_word' id='word_1_173' title='bbox 944 2861 1059 2943; x_wconf 86' lang='lat' dir='ltr'>potius</span> <span class='ocrx_word' id='word_1_174' title='bbox 1080 2869 1114 2925; x_wconf 90' lang='lat' dir='ltr'>te</span> 
     </span>
     <span class='ocr_line' id='line_1_26' title="bbox 164 2960 1114 3043; baseline 0.002 -20"><span class='ocrx_word' id='word_1_175' title='bbox 164 2960 343 3025; x_wconf 88' lang='lat' dir='ltr'>attendere</span> <span class='ocrx_word' id='word_1_176' title='bbox 360 2960 543 3038; x_wconf 89' lang='lat' dir='ltr'>decuisset,</span> <span class='ocrx_word' id='word_1_177' title='bbox 565 2962 656 3043; x_wconf 94' lang='lat' dir='ltr'>quod</span> <span class='ocrx_word' id='word_1_178' title='bbox 676 2962 712 3024; x_wconf 91' lang='lat' dir='ltr'>in</span> <span class='ocrx_word' id='word_1_179' title='bbox 737 2968 830 3024; x_wconf 87' lang='lat' dir='ltr'>terra</span> <span class='ocrx_word' id='word_1_180' title='bbox 851 2967 913 3024; x_wconf 92' lang='lat' dir='ltr'>tna</span> <span class='ocrx_word' id='word_1_181' title='bbox 935 2969 1038 3025; x_wconf 87' lang='lat' dir='ltr'>natus</span> <span class='ocrx_word' id='word_1_182' title='bbox 1060 2969 1114 3025; x_wconf 86' lang='lat' dir='ltr'>est</span> 
     </span>
     <span class='ocr_line' id='line_1_27' title="bbox 164 3059 1113 3143; baseline 0.002 -21"><span class='ocrx_word' id='word_1_183' title='bbox 164 3059 208 3123; x_wconf 94' lang='lat' dir='ltr'>de</span> <span class='ocrx_word' id='word_1_184' title='bbox 226 3062 427 3142; x_wconf 87' lang='lat' dir='ltr'>parentibus</span> <span class='ocrx_word' id='word_1_185' title='bbox 449 3061 512 3124; x_wconf 94' lang='lat' dir='ltr'>tibi</span> <span class='ocrx_word' id='word_1_186' title='bbox 537 3060 694 3125; x_wconf 89' lang='lat' dir='ltr'>fidelibus</span> <span class='ocrx_word' id='word_1_187' title='bbox 716 3081 758 3124; x_wconf 91' lang='lat' dir='ltr'>ac</span> <span class='ocrx_word' id='word_1_188' title='bbox 780 3061 928 3137; x_wconf 88' lang='lat' dir='ltr'>devotis,</span> <span class='ocrx_word' id='word_1_189' title='bbox 952 3060 1113 3143; x_wconf 90' lang='lat' dir='ltr'>quodque</span> 
     </span>
     <span class='ocr_line' id='line_1_28' title="bbox 163 3159 1113 3243; baseline 0.002 -21"><span class='ocrx_word' id='word_1_190' title='bbox 163 3159 200 3222; x_wconf 88' lang='lat' dir='ltr'>in</span> <span class='ocrx_word' id='word_1_191' title='bbox 228 3159 436 3225; x_wconf 89' lang='lat' dir='ltr'>Eboracensi</span> <span class='ocrx_word' id='word_1_192' title='bbox 458 3160 605 3225; x_wconf 87' lang='lat' dir='ltr'>eeclesia</span> <span class='ocrx_word' id='word_1_193' title='bbox 627 3161 738 3224; x_wconf 90' lang='lat' dir='ltr'>fuerat</span> <span class='ocrx_word' id='word_1_194' title='bbox 760 3160 1014 3242; x_wconf 83' lang='lat' dir='ltr'>praebendatus,</span> <span class='ocrx_word' id='word_1_195' title='bbox 1036 3179 1113 3243; x_wconf 88' lang='lat' dir='ltr'>qnae</span> 
     </span>
     <span class='ocr_line' id='line_1_29' title="bbox 165 3259 1112 3344; baseline 0.001 -21"><span class='ocrx_word' id='word_1_196' title='bbox 165 3259 267 3341; x_wconf 88' lang='lat' dir='ltr'>longe</span> <span class='ocrx_word' id='word_1_197' title='bbox 289 3260 401 3344; x_wconf 86' lang='lat' dir='ltr'>major</span> <span class='ocrx_word' id='word_1_198' title='bbox 422 3267 457 3324; x_wconf 89' lang='lat' dir='ltr'>et</span> <span class='ocrx_word' id='word_1_199' title='bbox 473 3261 610 3343; x_wconf 89' lang='lat' dir='ltr'>dignior</span> <span class='ocrx_word' id='word_1_200' title='bbox 624 3280 728 3343; x_wconf 91' lang='lat' dir='ltr'>quam</span> <span class='ocrx_word' id='word_1_201' title='bbox 746 3259 953 3323; x_wconf 88' lang='lat' dir='ltr'>Parisiensis</span> <span class='ocrx_word' id='word_1_202' title='bbox 970 3259 1112 3340; x_wconf 79' lang='lat' dir='ltr'>existit3</span> 
     </span>
     <span class='ocr_line' id='line_1_30' title="bbox 166 3358 1113 3441; baseline 0.002 -19"><span class='ocrx_word' id='word_1_203' title='bbox 166 3358 257 3423; x_wconf 92' lang='lat' dir='ltr'>unde</span> <span class='ocrx_word' id='word_1_204' title='bbox 271 3380 342 3424; x_wconf 94' lang='lat' dir='ltr'>non</span> <span class='ocrx_word' id='word_1_205' title='bbox 365 3360 477 3424; x_wconf 91' lang='lat' dir='ltr'>solnm</span> <span class='ocrx_word' id='word_1_206' title='bbox 499 3361 634 3424; x_wconf 88' lang='lat' dir='ltr'>ratione</span> <span class='ocrx_word' id='word_1_207' title='bbox 657 3361 771 3424; x_wconf 90' lang='lat' dir='ltr'>carnis</span> <span class='ocrx_word' id='word_1_208' title='bbox 793 3365 829 3423; x_wconf 91' lang='lat' dir='ltr'>et</span> <span class='ocrx_word' id='word_1_209' title='bbox 842 3360 1035 3441; x_wconf 88' lang='lat' dir='ltr'>sanguinis,</span> <span class='ocrx_word' id='word_1_210' title='bbox 1053 3379 1113 3424; x_wconf 90' lang='lat' dir='ltr'>ve·</span> 
     </span>
     <span class='ocr_line' id='line_1_31' title="bbox 165 3458 1114 3536; baseline 0 -13"><span class='ocrx_word' id='word_1_211' title='bbox 165 3479 241 3523; x_wconf 90' lang='lat' dir='ltr'>rum</span> <span class='ocrx_word' id='word_1_212' title='bbox 264 3469 300 3525; x_wconf 87' lang='lat' dir='ltr'>et</span> <span class='ocrx_word' id='word_1_213' title='bbox 314 3461 457 3524; x_wconf 87' lang='lat' dir='ltr'>obtentu</span> <span class='ocrx_word' id='word_1_214' title='bbox 473 3461 697 3524; x_wconf 85' lang='lat' dir='ltr'>ecclesiastici</span> <span class='ocrx_word' id='word_1_215' title='bbox 720 3459 876 3523; x_wconf 87' lang='lat' dir='ltr'>beneficii</span> <span class='ocrx_word' id='word_1_216' title='bbox 898 3466 934 3523; x_wconf 91' lang='lat' dir='ltr'>et</span> <span class='ocrx_word' id='word_1_217' title='bbox 948 3458 1062 3536; x_wconf 89' lang='lat' dir='ltr'>officii,</span> <span class='ocrx_word' id='word_1_218' title='bbox 1079 3466 1114 3523; x_wconf 87' lang='lat' dir='ltr'>te</span> 
     </span>
     <span class='ocr_line' id='line_1_32' title="bbox 165 3560 1113 3642; baseline -0.002 -19"><span class='ocrx_word' id='word_1_219' title='bbox 165 3578 207 3623; x_wconf 88' lang='lat' dir='ltr'>ae</span> <span class='ocrx_word' id='word_1_220' title='bbox 227 3578 370 3641; x_wconf 85' lang='lat' dir='ltr'>regnum</span> <span class='ocrx_word' id='word_1_221' title='bbox 393 3567 490 3623; x_wconf 89' lang='lat' dir='ltr'>tuum</span> <span class='ocrx_word' id='word_1_222' title='bbox 508 3560 632 3624; x_wconf 88' lang='lat' dir='ltr'>affectu</span> <span class='ocrx_word' id='word_1_223' title='bbox 647 3561 781 3623; x_wconf 90' lang='lat' dir='ltr'>sincero</span> <span class='ocrx_word' id='word_1_224' title='bbox 796 3560 939 3640; x_wconf 87' lang='lat' dir='ltr'>diligere</span> <span class='ocrx_word' id='word_1_225' title='bbox 956 3579 1113 3642; x_wconf 90' lang='lat' dir='ltr'>compro-</span> 
     </span>
     <span class='ocr_line' id='line_1_33' title="bbox 166 3659 1113 3724; baseline -0.001 -1"><span class='ocrx_word' id='word_1_226' title='bbox 166 3661 279 3723; x_wconf 87' lang='lat' dir='ltr'>batur.</span> <span class='ocrx_word' id='word_1_227' title='bbox 332 3659 459 3724; x_wconf 92' lang='lat' dir='ltr'>Nuntii</span> <span class='ocrx_word' id='word_1_228' title='bbox 475 3680 556 3723; x_wconf 88' lang='lat' dir='ltr'>vero</span> <span class='ocrx_word' id='word_1_229' title='bbox 572 3661 623 3723; x_wconf 91' lang='lat' dir='ltr'>tui</span> <span class='ocrx_word' id='word_1_230' title='bbox 646 3678 787 3723; x_wconf 89' lang='lat' dir='ltr'>causam</span> <span class='ocrx_word' id='word_1_231' title='bbox 810 3659 909 3722; x_wconf 91' lang='lat' dir='ltr'>nobis</span> <span class='ocrx_word' id='word_1_232' title='bbox 932 3659 1036 3723; x_wconf 91' lang='lat' dir='ltr'>aliam</span> <span class='ocrx_word' id='word_1_233' title='bbox 1051 3679 1113 3722; x_wconf 82' lang='lat' dir='ltr'>ex·</span> 
     </span>
     <span class='ocr_line' id='line_1_34' title="bbox 166 3758 1114 3843; baseline 0.001 -22"><span class='ocrx_word' id='word_1_234' title='bbox 166 3767 378 3842; x_wconf 85' lang='lat' dir='ltr'>presserunt,</span> <span class='ocrx_word' id='word_1_235' title='bbox 401 3779 507 3843; x_wconf 89' lang='lat' dir='ltr'>quare</span> <span class='ocrx_word' id='word_1_236' title='bbox 532 3779 601 3823; x_wconf 94' lang='lat' dir='ltr'>non</span> <span class='ocrx_word' id='word_1_237' title='bbox 631 3760 826 3842; x_wconf 81' lang='lat' dir='ltr'>praestitisti</span> <span class='ocrx_word' id='word_1_238' title='bbox 851 3758 928 3841; x_wconf 92' lang='lat' dir='ltr'>ejus</span> <span class='ocrx_word' id='word_1_239' title='bbox 955 3758 1114 3823; x_wconf 89' lang='lat' dir='ltr'>electioni</span> 
     </span>
     <span class='ocr_line' id='line_1_35' title="bbox 73 3858 1112 3942; baseline 0 -20"><span class='ocrx_word' id='word_1_240' title='bbox 73 3910 76 3915; x_wconf 95' lang='lat'>.</span> <span class='ocrx_word' id='word_1_241' title='bbox 166 3878 383 3936; x_wconf 90' lang='lat' dir='ltr'>consensum,</span> <span class='ocrx_word' id='word_1_242' title='bbox 415 3858 498 3942; x_wconf 93' lang='lat' dir='ltr'>qnia</span> <span class='ocrx_word' id='word_1_243' title='bbox 524 3859 684 3924; x_wconf 89' lang='lat' dir='ltr'>videlicet</span> <span class='ocrx_word' id='word_1_244' title='bbox 711 3878 887 3941; x_wconf 90' lang='lat' dir='ltr'>nunqnam</span> <span class='ocrx_word' id='word_1_245' title='bbox 918 3858 1031 3922; x_wconf 83' lang='lat' dir='ltr'>fuerat</span> <span class='ocrx_word' id='word_1_246' title='bbox 1060 3878 1112 3922; x_wconf 91' lang='lat' dir='ltr'>re-</span> 
     </span>
     <span class='ocr_line' id='line_1_36' title="bbox 161 3958 1114 4042; baseline -0.002 -20"><span class='ocrx_word' id='word_1_247' title='bbox 161 3958 316 4041; x_wconf 87' lang='lat' dir='ltr'>-qnisitus</span> <span class='ocrx_word' id='word_1_248' title='bbox 343 3959 388 4023; x_wconf 90' lang='lat' dir='ltr'>ab</span> <span class='ocrx_word' id='word_1_249' title='bbox 410 3958 492 4036; x_wconf 94' lang='lat' dir='ltr'>illis,</span> <span class='ocrx_word' id='word_1_250' title='bbox 518 3960 576 4042; x_wconf 92' lang='lat' dir='ltr'>qui</span> <span class='ocrx_word' id='word_1_251' title='bbox 600 3979 678 4023; x_wconf 89' lang='lat' dir='ltr'>eum</span> <span class='ocrx_word' id='word_1_252' title='bbox 696 3978 718 4021; x_wconf 93' lang='lat' dir='ltr'>a</span> <span class='ocrx_word' id='word_1_253' title='bbox 736 3967 770 4023; x_wconf 90' lang='lat' dir='ltr'>te</span> <span class='ocrx_word' id='word_1_254' title='bbox 785 3959 977 4023; x_wconf 88' lang='lat' dir='ltr'>debuerunt</span> <span class='ocrx_word' id='word_1_255' title='bbox 993 3964 1114 4040; x_wconf 92' lang='lat' dir='ltr'>postu·</span> 
     </span>
     <span class='ocr_line' id='line_1_37' title="bbox 164 4057 1114 4142; baseline -0.002 -21"><span class='ocrx_word' id='word_1_256' title='bbox 164 4058 238 4122; x_wconf 91' lang='lat' dir='ltr'>lare</span> <span class='ocrx_word' id='word_1_257' title='bbox 249 4078 258 4137; x_wconf 89' lang='grc'>;</span> <span class='ocrx_word' id='word_1_258' title='bbox 271 4066 487 4136; x_wconf 82' lang='lat' dir='ltr'>asserentes,</span> <span class='ocrx_word' id='word_1_259' title='bbox 502 4059 594 4142; x_wconf 92' lang='lat' dir='ltr'>quod</span> <span class='ocrx_word' id='word_1_260' title='bbox 611 4060 720 4123; x_wconf 89' lang='lat' dir='ltr'>literae</span> <span class='ocrx_word' id='word_1_261' title='bbox 736 4058 816 4135; x_wconf 92' lang='lat' dir='ltr'>illae,</span> <span class='ocrx_word' id='word_1_262' title='bbox 832 4059 955 4140; x_wconf 91' lang='lat' dir='ltr'>quibus</span> <span class='ocrx_word' id='word_1_263' title='bbox 971 4057 1114 4120; x_wconf 88' lang='lat' dir='ltr'>manda·</span> 
     </span>
     <span class='ocr_line' id='line_1_38' title="bbox 158 4157 1114 4242; baseline -0.004 -19"><span class='ocrx_word' id='word_1_264' title='bbox 158 4158 280 4223; x_wconf 30' lang='lat' dir='ltr'>*vimus</span> <span class='ocrx_word' id='word_1_265' title='bbox 304 4166 343 4223; x_wconf 91' lang='lat' dir='ltr'>ut</span> <span class='ocrx_word' id='word_1_266' title='bbox 364 4178 470 4241; x_wconf 90' lang='lat' dir='ltr'>super</span> <span class='ocrx_word' id='word_1_267' title='bbox 485 4158 550 4223; x_wconf 93' lang='lat' dir='ltr'>hoc</span> <span class='ocrx_word' id='word_1_268' title='bbox 569 4160 708 4242; x_wconf 90' lang='lat' dir='ltr'>negotio</span> <span class='ocrx_word' id='word_1_269' title='bbox 732 4165 973 4241; x_wconf 84' lang='lat' dir='ltr'>procuratores</span> <span class='ocrx_word' id='word_1_270' title='bbox 990 4157 1034 4220; x_wconf 95' lang='lat' dir='ltr'>ad</span> <span class='ocrx_word' id='word_1_271' title='bbox 1051 4176 1114 4220; x_wconf 93' lang='lat' dir='ltr'>nos</span> 
     </span>
    </p>
   </div>
   <div class='ocr_carea' id='block_1_3' title="bbox 0 0 1439 4876">
    <p class='ocr_par' dir='ltr' id='par_1_3' title="bbox 0 0 1439 4876">
     <span class='ocr_line' id='line_1_39' title="bbox 0 0 1439 4876; baseline 0 0"><span class='ocrx_word' id='word_1_272' title='bbox 0 0 1439 4876; x_wconf 95' lang='lat' dir='ltr'> </span> 
     </span>
    </p>
   </div>
  </div>
 </body>
</html>
