2858 4876
424 403 562 451 rnoaus
586 403 856 453 nrsronmnun.
1045 393 1111 457 365

187 639 327 719 Qualiter
343 640 424 704 idem
440 639 556 726 loqutus
569 639 732 704 Lodowico
748 641 913 707 interdicit
929 642 1090 706 deiratio

557 739 719 824 Amulium.

215 862 259 925 In
283 864 434 927 crastino
459 865 589 945 itaque,
616 872 822 947 procurante
849 885 930 947 rege
958 866 1111 930 Franco·
1125 885 1247 925 nnana

164 983 251 1039 rum,
274 964 475 1045 supervenit
506 963 711 1028 Lodowicus
745 965 789 1026 ad
822 965 1044 1049 colloquium,
1078 936 1263 1031 abitinas

166 1069 266 1127 torvo
299 1063 398 1127 vultu
438 1063 624 1145 respiciens
656 1063 808 1144 legatum
837 1064 944 1147 juxta
979 1073 1111 1148 patrem
1124 1036 1243 1145 iiiiii?

165 1181 265 1225 suum
288 1163 439 1241 resedit;
472 1182 542 1245 quo
564 1162 669 1240 sacto,
692 1164 829 1246 legatus
859 1165 976 1227 multis
1004 1167 1115 1248 preci-

165 1263 229 1326 bus
258 1264 364 1345 coepit
390 1282 514 1343 rogare
547 1262 780 1340 Lodowicum,
809 1282 852 1326 ne
883 1265 949 1328 iret
975 1265 1011 1328 in
1038 1263 1114 1328 An-

166 1362 273 1442 gliam
296 1363 339 1426 ad
362 1361 594 1426 invadendum
611 1363 666 1426 vel
690 1363 925 1445 occupandum
949 1365 1115 1446 patrimo-

167 1462 262 1525 nium
280 1462 449 1526 Romanae
472 1462 638 1539 ecclesiae,
655 1471 690 1527 et
706 1470 839 1544 patrem
860 1463 947 1547 ejus,
965 1472 1004 1528 ut
1020 1465 1115 1547 prius

168 1561 307 1638 fecerat,
329 1582 371 1625 ne
394 1562 506 1644 ipsum
530 1563 579 1625 ire
602 1563 827 1644 permitteret.
896 1564 975 1628 Rex
999 1573 1115 1629 autem

170 1661 380 1725 Francorum
420 1663 537 1743 legato
578 1663 735 1744 protinus
773 1664 951 1745 respondit
984 1664 1114 1742 dicens

168 1760 272 1842 ‘Ego
296 1761 434 1825 domino
457 1780 557 1843 papae
578 1768 614 1824 et
633 1762 787 1825 ecclesiae
814 1762 983 1826 Romanae
1009 1764 1114 1828 devo·

169 1868 225 1924 tus
249 1880 384 1943 semper
408 1860 458 1924 fui
480 1867 515 1924 et
532 1860 654 1938 fidelis,
675 1868 711 1925 et
728 1861 764 1923 in
788 1862 948 1925 omnibus
971 1864 1115 1944 agendis

169 1961 241 2023 suis
270 1961 410 2042 negotia
443 1979 508 2024 sua
545 1961 660 2024 omnia
694 1959 877 2024 efficaciter
910 1960 977 2024 huc
1008 1982 1116 2047 usque

169 2061 337 2142 promovi,
370 2060 430 2123 sed
463 2079 527 2124 nec
559 2061 661 2124 modo
695 2081 757 2143 per
787 2061 968 2125 consilium
1004 2082 1116 2127 meum

169 2161 225 2223 vel
248 2161 415 2224 auxilium
434 2160 525 2223 filius
547 2180 644 2224 meus
668 2159 874 2224 Lodowicus
901 2169 1023 2225 contra
1047 2163 1117 2227 Ro-

170 2279 306 2323 manam
339 2260 519 2324 ecclesiam
549 2259 680 2342 aliquid
712 2261 924 2339 attentabit3
959 2270 1117 2326 verunta-

170 2379 260 2436 men,
275 2359 305 2422 si
317 2359 378 2443 jus
395 2358 535 2441 aliquod
551 2360 617 2423 sibi
636 2359 842 2425 Lodowicus
860 2360 902 2424 de
919 2380 1025 2441 regno
1043 2359 1118 2425 An·

171 2459 251 2540 gliae
273 2459 446 2536 vendicat,
476 2459 648 2536 audiatur,
674 2467 710 2523 et
731 2461 824 2542 quod
849 2460 982 2543 justum
1015 2460 1120 2526 suerit

171 2557 380 2622 concedatur
396 2558 530 2621 eidem.’
568 2557 625 2622 Ad
642 2558 717 2622 haec
735 2559 832 2622 miles
848 2560 1000 2640 quidam,
1016 2580 1117 2642 quem

172 2656 378 2722 Lodowicus
395 2664 653 2740 procuratorem
671 2678 770 2722 suum
788 2660 1026 2735 constituerat,
1042 2679 1119 2723 sur-

172 2776 268 2839 gens,
280 2758 500 2821 audientibus
512 2759 646 2821 cunctis
658 2758 846 2840 rospondit,
862 2760 1032 2823 ‘Domine
1044 2778 1118 2836 rex,

170 2877 226 2920 res
246 2859 426 2922 notissima
448 2863 502 2921 est
523 2859 692 2935 omnibus,
714 2859 806 2942 quod
831 2859 854 2923 J
857 2858 1023 2937 ohannes,
1047 2859 1118 2922 dic·

171 2965 228 3021 tus
254 2978 316 3022 rex
340 2955 492 3038 Angliae,
515 2978 577 3040 pro
597 2956 742 3022 Arthuri
767 2960 902 3041 nepotis
927 2960 981 3022 sui
1006 2959 1118 3042 prodi-

172 3057 277 3135 tione,
295 3077 397 3140 quem
420 3059 568 3141 propriis
585 3058 744 3121 manibus
768 3059 952 3136 interemit,
970 3059 1119 3122 incuria

172 3164 289 3221 vestra
311 3177 374 3238 per
392 3157 558 3240 judicium
582 3156 716 3239 parium
740 3176 881 3221 suorum
906 3159 951 3220 ad
973 3165 1117 3222 mortem

172 3258 218 3321 sit
251 3257 510 3333 condemnatus,
546 3276 586 3320 ac
622 3257 840 3338 postmodum
878 3276 900 3320 a
932 3257 1119 3321 baronibus

173 3353 311 3436 Angliae
342 3376 405 3438 pro
431 3357 548 3419 multis
577 3355 768 3419 homicidiis
797 3362 832 3420 et
856 3355 1118 3419 enormitatibus

173 3456 260 3533 aliis,
279 3475 366 3537 quas
386 3455 511 3519 ibidem
531 3454 672 3533 fecerat,
694 3475 737 3519 ne
759 3462 920 3537 regnaret
942 3474 1045 3537 super
1059 3474 1119 3519 eos

173 3556 389 3638 reprobatus,
419 3554 510 3618 unde
531 3554 635 3619 iidem
657 3556 803 3618 barones
832 3574 976 3619 werram
998 3559 1119 3619 contra

173 3675 250 3719 eum
270 3654 345 3738 jam
369 3661 564 3729 moverunt,
586 3662 626 3718 ut
643 3654 756 3735 ipsum
778 3673 800 3718 a
820 3655 908 3719 solio
932 3655 1031 3736 regni
1055 3655 1119 3718 im·

173 3755 384 3819 mutabiliter
406 3752 592 3837 depellant.
647 3753 823 3818 Praeterea
846 3775 908 3817 rex
931 3774 1025 3837 saepe
1047 3754 1119 3818 dic-

173 3861 241 3932 tuS,
270 3861 398 3937 praeter
423 3873 600 3917 assensum
633 3861 834 3933 magnatum
859 3874 1011 3930 suorum,
1041 3873 1120 3934 reg-

173 3974 254 4017 num
276 3952 416 4035 Angliae
443 3953 581 4017 domino
610 3973 711 4036 papae
737 3955 886 4019 contulit
906 3962 942 4017 et
966 3953 1120 4017 ecclesiae

175 4053 356 4132 Romanae,
379 4061 418 4117 ut
436 4054 560 4117 iterum
583 4052 670 4115 illud
687 4055 854 4136 reciperet
870 4054 914 4116 ab
937 4053 986 4117 cis
1004 4061 1122 4117 tenen·

175 4154 255 4217 dum
278 4155 342 4218 sub
368 4172 483 4217 annuo
503 4152 632 4216 tributo
657 4154 749 4216 mille
773 4171 978 4217 marcarum.
1033 4151 1079 4216 Et
1094 4153 1123 4216 si
