2858 4876
337 393 401 458 172
586 407 718 454 nocem
744 405 791 452 nn
815 406 1024 454 wnsnovnn

176 587 231 627 an.
243 589 298 626 120³.
338 589 444 651 regno
461 568 599 650 Angliae
618 567 762 644 nobiles,
785 568 844 650 qui
860 568 890 631 ei
908 574 1051 631 eatenus
1067 566 1214 632 fideliter
1229 568 1290 631 ad-

338 669 523 747 haeserant,
551 668 636 732 talia
664 667 844 732 audientes
868 667 1013 751 ejusque
1038 667 1205 732 desidiam
1234 668 1287 733 in-

336 768 564 851 corrigibilem
580 768 825 850 intelligentes,
840 769 1027 851 impetrata
1041 768 1194 847 licentia,
1203 788 1287 852 qua-

337 871 367 934 si
394 871 494 934 illico,
520 869 703 946 reversuri,
732 877 928 933 remearunt
955 869 1000 932 ad
1031 863 1184 951 propria,
1207 888 1289 951 rege

336 990 414 1035 cum
429 970 549 1054 paucis
565 969 748 1033 admodum
764 968 930 1033 militibus
947 970 983 1032 in
1001 968 1217 1034 Normannia
1231 970 1290 1034 de-

338 1070 469 1136 relicto.
523 1069 631 1152 Hugo
655 1069 698 1133 dc
719 1060 854 1134 Gurnai
877 1070 1057 1134 castellnm
1079 1069 1122 1133 de
1147 1069 1287 1135 Monte·

337 1171 430 1248 forti,
457 1170 548 1254 quod
575 1191 637 1234 rex
661 1169 684 1233 J
688 1170 843 1234 ohannes
872 1189 951 1257 cum
980 1177 1055 1235 toto
1083 1169 1214 1234 honore
1236 1170 1288 1235 illi

336 1269 482 1354 praefato
499 1270 645 1353 Hugoni
662 1271 867 1347 contulerat,
884 1271 958 1353 regi
979 1271 1191 1335 Francorum
1209 1271 1287 1335 red·

337 1371 424 1436 didit
459 1378 494 1436 et
530 1371 619 1435 clam
650 1370 692 1434 de
728 1377 828 1434 nocte
866 1370 976 1452 ipsius
1012 1370 1140 1435 milites
1177 1372 1286 1436 intro-

336 1471 449 1549 duxit,
480 1471 610 1554 sicque,
635 1470 764 1534 domini
787 1472 841 1534 sui
869 1471 943 1553 ligii
966 1470 1132 1535 fidelitate
1156 1479 1287 1554 spreta,

335 1572 378 1634 ad
401 1591 517 1654 regem
545 1571 701 1635 Franciae
728 1570 938 1635 convolavit.
992 1570 1070 1634 Rex
1092 1570 1286 1655 Anglorum

335 1671 467 1736 interea
485 1671 577 1754 apud
594 1670 853 1753 Rothomagum
874 1672 1075 1735 morabatur
1092 1691 1171 1735 cum
1195 1673 1287 1755 regi·

336 1791 381 1851 na
397 1772 558 1848 imbellis,
581 1772 632 1847 ita
646 1771 738 1854 quod
757 1772 801 1835 ab
819 1771 976 1835 omnibus
987 1771 1159 1836 diceretur
1172 1772 1285 1855 ipsum

335 1871 408 1935 fore
424 1872 610 1954 sortilegiis
625 1872 680 1936 vel
695 1871 872 1936 maleficiis
887 1871 1095 1936 infatuatum
1108 1893 1116 1951 ;
1141 1872 1285 1937 hilarem

335 1973 468 2036 cunctis
498 1973 587 2036 inter
610 1978 662 2036 tot
686 1972 812 2036 damna
836 1979 872 2035 et
893 1972 1079 2055 opprobria
1098 1973 1285 2039 exhibebat

334 2073 481 2150 vultum,
493 2092 533 2136 ac
545 2073 574 2136 si
589 2071 654 2135 sibi
668 2072 753 2135 nibil
766 2072 980 2155 deperiisset.
1016 2065 1203 2156 ¹[Interea]
1221 2095 1284 2139 rex

337 2172 560 2247 Francorum,
570 2173 703 2253 ingenti
721 2173 876 2236 exercitu
891 2179 1116 2255 congregato,
1130 2175 1226 2238 venit
1240 2175 1284 2239 ad

334 2272 453 2337 villam
474 2273 517 2336 de
532 2272 628 2349 Ruil,
646 2272 761 2336 nobile
784 2272 977 2349 castellum,
1000 2280 1035 2337 et
1057 2272 1140 2336 illud
1164 2277 1284 2342 cuneis

333 2374 541 2438 militaribus
557 2373 813 2453 circumcinxit3
837 2372 910 2450 sed,
928 2372 1096 2437 machinis
1112 2374 1148 2437 in
1166 2375 1282 2439 orbem

333 2474 519 2556 dispositis
537 2481 722 2555 antequam
742 2472 910 2537 insultum
933 2473 1081 2556 aliquem
1104 2473 1283 2557 inciperet,

334 2573 509 2638 Robertus
529 2572 788 2638 filius-Walteri
804 2580 839 2636 et
856 2572 982 2636 Saerus
1005 2573 1048 2636 de
1071 2572 1199 2652 Quinci
1221 2594 1283 2640 no-

332 2673 418 2736 biles
439 2674 502 2750 illi,
525 2675 650 2756 quibus
670 2674 776 2737 castri
797 2672 891 2736 illius
914 2673 1072 2737 custodia
1099 2675 1283 2741 commissa

331 2773 456 2849 fuerat,
471 2767 602 2855 ²ipsum
619 2781 771 2837 castrum
785 2773 859 2854 regi
873 2773 1045 2855 integrum
1055 2770 1284 2855 tradiderunt,

332 2881 380 2950 et,
393 2875 482 2937 sicut
497 2873 540 2936 de
551 2881 666 2938 castro
681 2874 741 2938 illo
758 2892 827 2938 non
844 2880 920 2937 erat
937 2874 1106 2943 contritus
1122 2875 1282 2940 minimus

333 2973 483 3056 lapillus,
501 2973 551 3037 ita
569 2975 611 3037 de
632 2974 804 3055 capitibus
822 2972 1075 3037 defendentium
1096 2994 1165 3039 non
1180 2977 1284 3058 periit

333 3074 493 3137 minimus
522 3074 692 3156 capillus3
724 3073 817 3137 unde
839 3092 902 3136 rex
928 3073 1141 3137 Francorum
1163 3082 1285 3141 contra

333 3193 393 3237 eos
407 3174 560 3256 graviter
577 3175 686 3238 iratus
704 3173 811 3256 jussit
825 3173 972 3237 vinculis
987 3173 1189 3253 arctissimis
1203 3176 1283 3240 illos

333 3273 524 3356 constringi
547 3282 582 3338 et
600 3273 690 3357 apud
710 3273 959 3356 Compendium
975 3274 1039 3337 sub
1054 3281 1152 3339 arcta
1167 3284 1285 3341 custo-

333 3373 391 3438 dia
413 3375 584 3456 deputari,
606 3375 664 3437 ubi
688 3374 836 3456 turpiter
852 3393 961 3456 usque
980 3373 1023 3437 ad
1042 3374 1283 3455 gravissimam

333 3474 602 3558 redemptionem
619 3480 700 3537 sunt
715 3473 856 3537 detenti.
909 3473 1102 3538 Deficiente
1123 3475 1232 3557 igitur
1246 3477 1283 3540 in

334 3573 549 3639 Normannia
572 3582 607 3638 et
631 3573 767 3661 inaliis
790 3573 892 3637 terris
912 3574 1151 3637 transmarinis
1173 3576 1284 3640 omni-

333 3674 435 3738 moda
458 3674 666 3751 defensione,
698 3693 760 3737 rex
788 3674 1011 3737 ‚Francorum
1041 3693 1103 3757 per
1126 3674 1282 3740 diversas

333 3775 492 3856 regiones
513 3774 620 3838 libere
646 3781 681 3838 et
703 3774 777 3837 sine
800 3773 1072 3837 contradictione
1087 3773 1284 3841 discurrens

333 3873 478 3938 castella
501 3873 647 3956 plurima
668 3874 733 3937 sub
758 3893 822 3938 sua
843 3880 1018 3957 potestate
1040 3875 1191 3957 recepit3
1223 3877 1285 3940 ob-

333 3964 423 4038 sedit
456 3974 559 4037 otiam
588 3994 629 4039 eo
656 3981 810 4056 tempore
838 3973 1019 4038 castellum
1047 3975 1216 4056 optimum
1241 3976 1284 4041 de

367 4141 477 4191 ¹lntereu
485 4157 529 4191 rex
540 4142 710 4206 Francorum]
727 4141 793 4203 Cog-
819 4158 845 4205 p.
857 4146 905 4203 ⁹83
925 4141 1032 4203 Rigord,
1042 4142 1104 4192 xvii.
1116 4158 1142 4205 p.
1151 4147 1192 4193 56.

333 4213 446 4277 goshule,
469 4213 531 4263 Rec.
556 4213 699 4278 desrllist.
722 4213 793 4262 xviii.
855 4210 979 4276 Πρω]
996 4209 1246 4266 ‘Eundem’inMS.
