2858 4876
333 396 398 460 182
590 412 725 460 uocum
750 410 797 458 ns
820 409 1028 459 wsunovnu

175 603 230 643 an.
241 602 296 640 1204.
335 573 540 636 consecrari.
608 571 737 637 Eodem
771 572 875 636 etiam
907 589 1000 635 anno
1031 569 1097 633 fuit
1126 570 1285 636 ultimum

338 673 483 737 Paschae
511 673 548 736 in
581 666 652 736 ¹die
682 671 843 738 videlicet
866 671 977 735 sancti
1001 669 1114 735 Marci
1137 688 1288 752 evauge-

336 773 438 838 hstae·
583 872 632 935 De
647 871 831 958 quidusdam
845 868 1040 936 matidiae

177 1016 231 1055 an·
244 1017 298 1055 ¹2⁰⁵.
388 997 491 1062 Anno
516 997 639 1081 gratiae
666 1015 773 1062 noer.
807 1016 870 1062 rex
894 995 918 1061 J
921 996 1075 1061 ohannes
1103 991 1289 1058 celebravit

175 1067 315 1157 l’r‘fflm'
338 1096 455 1162 natale
482 1099 624 1163 Domini
653 1098 745 1181 apud
768 1095 1003 1162 Theohesberi
1030 1094 1091 1160 vix
1117 1112 1180 1178 per
1209 1110 1289 1176 spa·

337 1198 423 1264 tium
446 1199 548 1262 unius
566 1199 653 1280 diei3
677 1206 713 1263 et
732 1198 852 1263 eodem
869 1216 987 1261 mense
1005 1189 1179 1260 ²Januarii
1197 1199 1291 1256 terra

337 1297 635 1363 vehementissime
667 1286 919 1381 congelata³a
945 1296 1078 1361 decimo
1112 1312 1202 1358 nono
1226 1291 1291 1356 ka·

336 1397 458 1463 leudas
483 1398 662 1463 Februarii
683 1419 793 1482 usque
816 1399 858 1462 ad
882 1396 1099 1462 undecimum
1123 1393 1292 1458 kalendas

338 1496 471 1583 Aprilis
501 1499 748 1582 agriculturam
771 1497 964 1583 suspendit,
987 1497 1078 1561 unde
1105 1496 1141 1559 iu
1170 1500 1292 1558 aestate

338 1599 496 1681 sequenti
529 1619 663 1665 summa
688 1598 852 1664 frumenti
879 1596 1138 1681 quatuordeeim
1171 1593 1292 1658 solidis

339 1699 562 1764 vendebatur.
640 1700 771 1764 Eodem
809 1719 901 1764 anno
938 1698 1029 1762 cirea
1061 1696 1293 1760 Pentecosten

340 1818 401 1862 rex
431 1798 610 1866 lohannes
638 1800 865 1882 congregavit
890 1798 1079 1863 exercitum
1111 1795 1291 1879 grandem,

340 1899 439 1980 quasi
454 1890 564 1964 4mare
577 1901 798 1978 transiturus,
816 1906 860 1975 et,
880 1893 1101 1982 ⁵prohibeute
1118 1896 1183 1961 sibi
1199 1893 1292 1959 Can-

340 1999 507 2064 tuariensi
523 2000 781 2084 archiepiscopo
798 2005 834 2064 ct
849 1997 927 2063 aliis
946 1997 1078 2074 multiS,
1095 1995 1187 2080 apud
1203 1994 1291 2059 Por-

341 2098 513 2163 tesmuthe
536 2101 674 2165 navium
697 2099 949 2164 multitudinem
971 2099 1146 2181 copiosam
1165 2095 1292 2160 coadu-

342 2199 417 2262 nari
432 2199 529 2281 fecit3
548 2200 671 2264 deinde
693 2220 755 2265 rex
773 2220 852 2264 cum
870 2218 978 2282 parvo
996 2199 1162 2262 comitatu
1178 2195 1292 2260 idibus

342 2298 364 2363 J
368 2298 427 2362 ulii
448 2318 554 2364 naves
573 2301 739 2378 ascendit,
755 2306 791 2365 et
806 2297 892 2364 velis
909 2298 1108 2381 patentibus
1125 2296 1293 2380 Neptuno

342 2419 379 2463 se
406 2401 636 2479 committens,
658 2407 793 2464 mutato
821 2399 973 2475 consilio,
997 2398 1052 2462 die
1075 2398 1178 2461 tertio
1201 2396 1293 2479 apud

343 2493 542 2565 Stodlandt⁶
555 2500 662 2585 juxta
682 2500 868 2565 Warrham
889 2497 1069 2583 applicuit.
1116 2496 1293 2562 Reversus

343 2606 459 2663 autem
487 2619 550 2664 rex
578 2601 670 2684 cepit
692 2600 734 2663 de
759 2598 954 2675 comitibus,
976 2598 1177 2675 baronibus,
1203 2596 1293 2661 mili·

344 2699 436 2761 tibus
462 2707 497 2763 et
519 2701 602 2764 viris
629 2699 802 2782 religiosis
823 2699 1005 2782 pecuniam
1031 2697 1215 2775 infinitam,
1238 2717 1293 2761 oe·

343 2797 500 2862 casiones
523 2800 755 2882 praetendens,
776 2798 868 2882 quod
893 2797 1078 2862 noluerunt
1100 2798 1214 2880 ipsum
1239 2816 1294 2861 se-

344 2898 403 2978 qui
416 2898 460 2960 ad
476 2907 594 2981 partes
607 2899 869 2977 transmarinas,
882 2905 922 2962 ut
939 2896 1176 2961 hoereditatem
1191 2898 1294 2961 amis-

343 3014 417 3059 sam
439 3006 669 3080 recuperaret.
717 2997 846 3063 Eodem
863 3004 1018 3080 tempore
1035 2989 1224 3061 'redditum
1240 3006 1295 3062 est

380 3165 450 3218 'na
463 3206 468 3219 .
483 3171 600 3221 ..saneti
612 3170 716 3234 Marci]
733 3170 808 3233 April
833 3181 958 3230 sequence
981 3167 1010 3217 oi
1025 3167 1068 3217 the
1089 3167 1118 3216 ill
1140 3182 1243 3218 success
1262 3169 1295 3219 he

344 3238 413 3289 esth.
833 3238 884 3288 had
898 3241 950 3287 met
967 3238 1030 3286 with
1048 3238 1075 3286 in
1092 3238 1195 3301 Poitou,
1208 3239 1295 3288 where

377 3305 531 3374 ²doncuria]
542 3305 703 3373 ‘Trigesimo'
711 3311 737 3359 iu
749 3309 807 3360 MS.
833 3309 927 3359 Robert
937 3307 970 3356 de
980 3307 1108 3357 ‘l'urnham
1120 3307 1172 3356 had
1182 3310 1245 3358 been
1256 3314 1297 3359 ta·

378 3375 422 3428 ⁸A
435 3379 525 3429 decim
544 3395 605 3430 uano
626 3381 741 3430 kalendas
757 3380 807 3430 Fe·
832 3379 882 3430 hen
894 3377 981 3439 hythe
993 3376 1207 3440 hingoil'rance.

345 3447 472 3513 budrii]
494 3451 502 3478 ‘
515 3452 539 3500 A
552 3451 742 3501 circumcisione
754 3451 807 3499 Do·
867 3446 1037 3498 ‘Probideute
1054 3447 1105 3497 sibi
1123 3448 1296 3499 cantuariensi

344 3518 406 3566 mini
425 3533 507 3581 usque
533 3521 566 3569 ad
586 3520 806 3569 annunciationem
832 3517 1030 3582 mehispiscapo]
1047 3517 1206 3581 Coggeshsle
1224 3519 1296 3582 gives

344 3588 527 3651 Dominicam3'
534 3589 702 3652 coggeshala,
709 3605 735 3651 p.
745 3594 792 3639 1⁰2
798 3605 806 3651 ;
832 3602 849 3637 s
859 3601 920 3648 very
931 3587 979 3637 lull
995 3591 1103 3638 account
1113 3587 1142 3637 ol
1155 3588 1226 3638 these
1237 3604 1296 3650 pro·

343 3658 402 3707 who
421 3659 475 3708 also
495 3660 569 3723 adds,
586 3660 641 3710 that
653 3660 739 3710 wheat
750 3674 806 3710 was
832 3658 952 3720 ceedings
967 3662 994 3707 at
1011 3657 1183 3721 Portemouth,
1199 3674 1236 3721 or,
1252 3675 1296 3709 ac-

248 3788 254 3794 ,
344 3728 400 3776 sold
411 3728 450 3777 lor
461 3743 477 3777 a
487 3730 559 3779 mark
571 3729 637 3798 (lis.
649 3726 714 3794 dd),
721 3729 805 3780 which
832 3727 937 3790 cording
959 3731 985 3776 to
1006 3728 1068 3788 him,
1091 3732 1117 3776 ot
1134 3727 1296 3792 Porchester,

344 3798 370 3846 in
382 3798 424 3848 the
440 3798 512 3862 reign
527 3800 556 3849 ol
569 3801 659 3862 Heury
670 3800 708 3849 11.
719 3801 805 3850 would
832 3799 858 3847 in
868 3796 954 3848 which
968 3797 1011 3846 the
1021 3811 1124 3847 reasons
1132 3797 1162 3847 ol
1170 3797 1213 3848 the
1224 3799 1297 3848 orch-

343 3867 409 3917 hare
435 3869 499 3918 been
525 3871 622 3933 bought
649 3870 688 3918 lor
715 3871 806 3920 twelve
832 3863 944 3930 hlshop’s
960 3867 1113 3931 dissuadiug
1124 3867 1167 3917 the
1178 3868 1297 3932 kingare

344 3953 441 3998 pence;
457 3939 536 3988 beans
547 3955 614 3991 were
632 3940 687 3988 sold
698 3939 737 3989 lor
753 3940 810 3989 hell
832 3937 953 3988 detniled.

344 4007 707 4070 amark‚andoatsl0rlorty
717 4025 806 4073 peuce,
867 4005 1063 4070 ⁰Stodlaudt.]
1101 4006 1235 4071 Studland,
1264 4024 1298 4058 on

344 4077 428 4128 which
439 4092 507 4128 were
523 4079 608 4129 before
620 4084 646 4129 to
656 4080 688 4129 he
705 4080 757 4130 had
768 4081 807 4131 lor
832 4078 874 4128 the
886 4076 1048 4128 Dorsetshire
1058 4081 1139 4127 coast.

344 4146 499 4210 lonrpence.
590 4194 594 4199 ,
867 4145 1023 4197 ’Redditum
1049 4151 1086 4196 est
1116 4149 1241 4197 castellum
1269 4151 1299 4198 de

379 4215 471 4268 ⁴Mare
494 4219 676 4282 transituram]
704 4220 730 4268 in
748 4234 806 4268 eon·
835 4212 955 4286 caraea]
976 4217 1078 4266 Hubert
1094 4217 1126 4265 de
1144 4217 1242 4280 Burgh,
1254 4217 1297 4267 the
