2858 4876
342 391 409 456 274
599 405 734 452 aoeuru
759 406 806 452 us
829 405 1036 454 wuunovua

183 576 308 618 A·1>·¹²¹³·
347 564 499 631 terfectis
529 564 703 641 occubuit,
720 564 909 647 plurimum
936 563 1122 628 dolendum
1149 572 1215 641 est,
1237 565 1300 647 qui

347 665 505 730 hostibus
533 663 613 727 fidei
646 663 852 748 conjunctus
881 663 1061 729 eeclesiam
1091 664 1300 729 catholicam

220 767 222 771 ’
347 766 502 848 improbe
518 763 744 847 perturbavit.
766 764 892 829 Certus
906 765 1164 829 interfectorum
1178 784 1300 828 nume·

348 884 408 930 rus
428 865 627 929 nullatenus
644 863 748 927 scribi
767 865 904 948 potuit3
931 864 975 928 de
991 865 1162 929 militibus
1183 871 1302 929 autem

350 964 618 1046 crucesignatis
640 982 730 1027 unus
751 965 848 1029 solus
865 983 942 1029 cum
963 965 1194 1030 servientibus
1213 984 1301 1047 pau-

351 1066 401 1130 cis
423 1063 595 1130 occubuit.
656 1063 767 1128 Facta
790 1072 844 1128 est
867 1072 983 1129 autem
1011 1064 1086 1128 haec
1110 1065 1192 1129 belli
1218 1084 1302 1128 con-

352 1163 484 1248 gressio
498 1163 584 1229 feria
604 1169 707 1227 sexta
725 1171 805 1246 post
819 1171 963 1230 octavas
978 1164 1173 1230 nativitatis
1189 1165 1303 1228 beatae

354 1265 490 1340 Mariae,
512 1283 604 1327 anno
622 1263 763 1327 Domini
779 1263 967 1328 'millesimo
989 1263 1224 1329 ducentesimo
1244 1264 1306 1329 de·

352 1366 441 1430 cimo
457 1365 570 1439 tertio,
587 1381 705 1427 mense
723 1363 927 1446 Septembri.

427 1541 477 1604 De
491 1538 625 1604 aduecta
641 1537 784 1613 Nicolei,
803 1538 1039 1604 Teeelaeemu
1052 1539 1186 1625 episcopi
1201 1549 1230 1604 et

528 1646 632 1723 aposto
633 1638 699 1702 lice
712 1637 791 1702 sedes
805 1637 909 1724 leput',
884 1661 898 1702 a
924 1638 961 1703 iu
978 1639 1077 1726 Aupl
1063 1660 1139 1704 cum.

194 1779 294 1821 merob·
295 1778 345 1827 ‚eth
406 1758 553 1829 Eodem¹
580 1784 684 1842 anno,
712 1763 804 1828 circa
826 1763 952 1828 festum
974 1764 1087 1828 sancti
1110 1763 1308 1841 MichaeliS,

191 1841 250 1921 liliv
246 1829 344 1920 'llll'
355 1864 509 1930 venitm
523 1863 689 1947 Angliam
712 1864 893 1942 Nimiam,
915 1862 1209 1929 Thuseulaneusis
1235 1863 1310 1947 epi-

194 1929 300 1982 mm
355 1984 481 2048 scopus
511 1971 546 2029 et
576 1963 778 2047 apostolicae
803 1963 895 2027 sedis
926 1964 1076 2046 legatus,
1105 1972 1146 2028 ut
1173 1965 1308 2028 dissen-

356 2066 471 2129 siones
492 2064 583 2129 inter
606 2084 752 2146 regnum
779 2072 814 2128 et
840 2064 1069 2128 sacerdotium
1100 2056 1310 2129 auctoritate

356 2163 549 2247 apostolica
575 2164 790 2241 reformaret,
820 2171 868 2241 et,
893 2164 975 2229 licet
1000 2171 1095 2228 terra
1122 2164 1308 2228 interdicta

356 2263 491 2340 fuisset,
514 2262 643 2346 ubique
669 2273 890 2329 tamencum
920 2264 1140 2347 processione
1162 2264 1309 2328 solemni

359 2372 394 2428 et
420 2367 583 2427 cantuum
608 2362 844 2429 modulatione
870 2371 906 2429 et
933 2363 1144 2429 indumentis
1174 2363 1309 2428 festivis

357 2462 544 2527 honorifice
568 2471 726 2547 receptus
746 2470 822 2544 est3
849 2483 995 2546 cumque
1011 2462 1054 2526 ad
1071 2463 1312 2529 Westmonas·

358 2563 482 2627 terium
496 2563 720 2646 pervenisset,
730 2562 941 2629 Willelmum
952 2564 1125 2642 abbatem,
1134 2563 1177 2627 de
1188 2563 1314 2648 dilapi-

359 2662 499 2727 datione
514 2670 549 2727 et
563 2663 813 2728 incontinentia
834 2683 854 2728 a
875 2662 1054 2727 monachis
1074 2665 1147 2728 suis
1169 2682 1310 2728 accusa·

361 2769 447 2839 tum,
463 2761 556 2826 illico
572 2763 788 2845 degradavit.
836 2762 1021 2827 Venerunt
1035 2770 1151 2827 autem
1169 2763 1213 2827 ad
1231 2783 1311 2828 eum

361 2861 487 2924 ibidem
509 2862 658 2926 Oxouiae
681 2864 882 2944 burgenses,
907 2882 1054 2958 quorum
1077 2864 1246 2928 instinctu
1273 2871 1311 2928 et

361 2961 631 3044 praesumptione
663 2962 732 3026 duo
765 2962 891 3041 clerici,
923 2961 1119 3046 dequibus
1151 2964 1334 3046 superius·
1375 3013 1378 3017 .

362 3059 505 3124 fecimus
526 3062 748 3139 mentionem,
769 3063 927 3145 suspensi
949 3062 1098 3139 fuerant,
1118 3062 1313 3127 absolutio·

363 3177 441 3222 nem
461 3161 678 3243 postulantes
694 3181 703 3241 ;
734 3161 859 3244 quibus
875 3163 1006 3228 indicta
1019 3162 1267 3245 poenitentia,
1257 3182 1312 3226 rn-

363 3264 417 3321 ter
436 3265 563 3324 caetera
583 3261 760 3345 praecepit,
783 3268 824 3325 ut
842 3261 885 3325 ad
908 3262 1064 3346 singulas
1085 3262 1239 3327 civitatis
1257 3282 1314 3327 ec-

363 3355 499 3434 clesias,
521 3358 697 3442 depositis
726 3360 935 3425 indumentis
962 3361 1175 3444 pedibusque
1199 3362 1314 3439 nudis,

364 3455 504 3538 flagella
528 3465 707 3540 portantes
731 3460 768 3526 in
787 3461 958 3538 manibus,
980 3467 1102 3525 euntes
1125 3480 1148 3525 a
1172 3460 1315 3547 presby·

364 3556 449 3621 teris
486 3557 706 3639 parochianis
742 3559 969 3624 absolutionis
998 3561 1201 3625 beneficium
1234 3581 1312 3626 cum

364 3655 500 3736 psalmo
527 3656 815 3740 quinquagesimo
842 3661 1088 3744 impetrarent3
1124 3680 1188 3725 uec
1215 3661 1314 3726 licuit

362 3753 429 3830 eis,
447 3754 515 3817 nisi
527 3755 648 3821 diebus
659 3758 821 3840 singulis,
838 3759 995 3842 singulas
1009 3768 1127 3843 petere
1137 3761 1314 3840 ecclesias,

365 3859 494 3916 uttam
513 3854 580 3935 ipsi
605 3875 709 3939 quam
733 3858 794 3921 alii
816 3859 902 3922 talia
927 3878 1135 3943 praesumere
1152 3860 1316 3926 formida·

365 3959 454 4016 rent.
508 3952 662 4035 Legatus
679 3957 810 4039 itaque,
826 3977 904 4022 cum
918 3967 1050 4043 septem
1066 3964 1202 4025 tantum
1220 3958 1317 4044 equi-

515 4169 522 4200 ¹
532 4173 623 4222 Eodem
639 4175 730 4238 orrea]
746 4175 871 4238 Compare
881 4177 974 4227 Annal.
985 4176 1096 4227 Weverl.
1107 4192 1134 4239 p.
1146 4180 1203 4227 178.
