2858 4876
330 386 401 451 226
590 399 725 447 aocsnr
749 399 796 446 rm
820 397 1026 447 wunnover

174 570 298 611 ΛΜΨ·
337 560 544 642 Anglorum,
565 579 586 623 a
608 580 677 642 quo
700 552 787 622 lnon
810 557 945 622 modica
964 557 1110 641 pecunia
1133 557 1177 620 ad
1200 575 1288 637 opus

336 661 473 745 praefati
498 659 646 724 Othonis
676 665 829 741 recepta,
861 658 1050 741 repatriare
1084 657 1285 720 maturavit.

331 762 469 825 -Eodem
488 780 592 836 anno,
611 765 819 842 procurante
839 757 1028 840 Stephano,
1047 756 1290 822 Cantuariensi

338 860 609 945 archiepiscopo,
631 850 801 921 indultum
833 865 886 922 est
916 858 1070 922 ecclesiis
1099 863 1290 921 conventu·

337 961 449 1025 alibus
473 962 509 1024 in
535 959 662 1040 Anglia
691 958 797 1021 semel
819 956 855 1020 in
876 956 1092 1021 bebdomada
1116 957 1290 1020 celebrare

337 1059 483 1138 divina3
521 1059 589 1123 albi
623 1065 739 1122 autem
774 1055 933 1121 monachi
962 1058 1027 1121 hac
1062 1057 1291 1141 privabantur

336 1160 565 1241 indulgentia,
591 1178 631 1222 eo
655 1157 746 1241 quod
771 1157 808 1220 in
829 1156 998 1240 principio
1020 1156 1194 1220 interdicti
1216 1173 1291 1217 ces·

338 1267 468 1336 santes,
509 1258 729 1342 postmodum
767 1256 811 1320 ad
840 1257 1032 1340 jussionem
1067 1257 1120 1319 sui
1152 1254 1290 1318 abbatis

336 1359 550 1443 principalis,
567 1376 660 1440 papa
676 1357 887 1433 inconsulto,
905 1356 1077 1420 celebrare
1099 1374 1291 1438 praesump-

336 1466 467 1523 serunt.
513 1458 584 1522 Per
598 1457 688 1520 idem
705 1463 842 1538 tempus
861 1456 1078 1532 lodowicus,
1096 1456 1187 1519 filius
1204 1453 1289 1517 Phi·

336 1558 434 1642 lippi,
465 1559 678 1622 Francorum
709 1558 813 1638 regiS‚
846 1557 1097 1639 primogenitus
1121 1562 1156 1619 et
1178 1553 1290 1618 haeres

336 1657 524 1739 legitimus,
540 1657 631 1740 apud
650 1655 898 1738 Compendium
914 1675 936 1718 a
952 1662 1051 1738 patre
1071 1675 1134 1720 suo
1150 1653 1290 1736 cingulo

336 1759 476 1822 militari
498 1758 647 1821 donatus
670 1763 735 1833 est,
759 1762 793 1819 et
812 1762 948 1820 centum
973 1756 1032 1819 alii
1055 1755 1186 1820 nobiles
1210 1773 1289 1818 cum

337 1877 389 1921 eo.

334 2104 337 2109 Δ
352 2031 395 2095 Ut
408 2053 463 2096 reu
478 2031 654 2117 Anplorom
669 2052 738 2094 com
754 2052 821 2115 repo
837 2031 999 2094 Scotorum
1005 2028 1114 2114 foedus
1128 2029 1276 2092 amicitia

753 2130 872 2193 inierit.

176 2263 313 2355 {fflffl
405 2252 506 2318 Circa
536 2253 609 2317 dies
645 2256 732 2318 istos
763 2253 787 2318 J
790 2253 955 2330 ohannes,
986 2272 1049 2317 rex
1082 2250 1290 2334 Anglorum,

335 2354 636 2436 magno'exercitu
656 2360 880 2435 congregato,
897 2371 1019 2418 versus
1037 2353 1188 2416 Scotiam
1207 2372 1292 2416 vex-

337 2454 399 2517 illa
418 2453 547 2517 direxit
564 2460 598 2517 et
616 2472 724 2518 arma.
777 2453 930 2518 Veniens
954 2459 1069 2516 autem
1091 2453 1128 2515 in
1150 2453 1291 2535 provin-

339 2554 428 2616 ciam
467 2552 866 2630 Nortbanbumbrorum,
900 2553 944 2616 ad
979 2552 1159 2616 castellum
1198 2551 1290 2634 quod

339 2652 497 2716 Norbam
520 2653 727 2734 appellatur,
752 2653 842 2716 acies
871 2653 996 2716 ibidem
1025 2659 1148 2716 contra
1173 2670 1290 2733 regem

335 2751 520 2816 Scotorum
542 2753 710 2817 instruxit
733 2753 776 2816 ad
799 2772 973 2835 pugnam3
1002 2751 1094 2834 quod
1117 2771 1195 2815 cum
1218 2751 1292 2834 regi

337 2851 484 2934 praefato
504 2853 702 2916 nuntiatum
721 2852 854 2929 fuisset,
871 2851 986 2915 timuit
1002 2851 1104 2914 valde
1123 2851 1290 2933 impetum

335 2951 460 3033 ipsiuS,
495 2951 659 3034 quoniam
693 2971 838 3034 pronum
870 2952 913 3014 ad
947 2970 1083 3015 omnem
1118 2952 1290 3016 saevitiam

336 3051 515 3132 cognovit,
544 3052 754 3135 veniensque
786 3052 817 3115 ei
845 3051 982 3115 obviam
1014 3050 1056 3113 de
1083 3069 1169 3132 pace
1199 3057 1291 3114 trac-

338 3157 414 3214 tare
444 3151 636 3232 disposuit3
666 3150 728 3214 sed
758 3171 822 3214 rex
850 3148 1045 3231 Anglorum
1075 3150 1111 3212 in
1139 3149 1290 3214 furorem

338 3269 459 3313 versus
479 3251 727 3332 improperavit
745 3250 794 3313 illi
816 3251 941 3313 acriter
958 3249 1180 3331 increpando,
1197 3249 1290 3331 quod

337 3347 504 3431 fugitivos
533 3369 615 3413 suos
639 3356 674 3413 et
698 3348 816 3414 hostes
844 3349 1000 3431 publicos
1025 3349 1061 3411 in
1088 3368 1194 3430 regno
1227 3369 1290 3413 suo
1391 3385 1396 3392 ·

338 3455 591 3530 receptaverat,
615 3450 735 3531 eisque
761 3449 876 3511 insui
902 3447 1144 3532 praejudicium
1163 3448 1293 3512 auxili-

337 3566 395 3609 um
423 3549 637 3630 praestiterat
664 3555 699 3612 et
720 3548 886 3612 savorem.
954 3547 1021 3611 Sed
1049 3567 1126 3612 cum
1158 3547 1233 3612 baec
1256 3557 1292 3611 et

338 3647 408 3710 alia
437 3647 547 3711 multa
577 3667 639 3710 rex
666 3646 861 3729 Anglorum
892 3646 1038 3728 praefato
1068 3647 1142 3728 regi
1178 3647 1290 3730 impo-

338 3745 477 3822 suisset,
497 3747 660 3824 'tandem‚
688 3746 953 3829 procurantibus
984 3746 1164 3829 utriusque
1192 3748 1292 3828 regni

340 3845 472 3923 amicis,
504 3847 609 3909 talem
638 3846 857 3910 concordiam
888 3846 1051 3922 inierunt,
1076 3846 1167 3928 quod
1196 3846 1292 3911 vide-

337 3944 419 4008 licet
452 3966 513 4009 rex
549 3946 730 4010 Scotorum
762 3945 860 4009 daret
891 3946 964 4026 regi
996 3945 1192 4027 Anglorum
1228 3967 1292 4029 pro

373 4122 379 4152 ¹
390 4123 445 4169 Non
457 4121 548 4170 modico
554 4121 676 4184 pecunia]
697 4121 721 4168 A
729 4121 801 4169 thou·
829 4122 899 4170 duke
909 4121 939 4170 oi
952 4122 1064 4183 Saxony,
1077 4122 1127 4171 ‘de
1143 4122 1209 4171 dono
1222 4125 1291 4174 etde

338 4191 400 4240 saud
414 4191 499 4240 marks
511 4205 578 4240 were
590 4191 652 4252 peid
663 4195 689 4239 to
701 4190 801 4251 Henry,
829 4191 902 4240 feodo
919 4186 993 4251 suo;‘
1012 4192 1114 4253 Hymet,
1125 4192 1142 4241 i.
1158 4207 1185 4253 p.
1198 4197 1255 4243 1⁰³.
