2858 4876
422 401 567 451 'anonas
591 399 860 453 nrsronmaun.
1048 390 1114 454 239

162 569 349 645 ceperuut3
374 562 466 644 quod
494 562 622 626 factum
641 582 719 626 cum
743 563 786 626 ad
812 563 904 644 regis
919 562 1113 645 Anglorum
1126 583 1179 622 nn.
1191 584 1248 621 1212.

164 663 321 726 notitiam
356 663 582 744 pervenisset,
614 662 814 744 indignatus
845 673 898 726 est
933 664 1043 741 valde,
1078 672 1113 728 et

163 781 379 844 congregans
415 763 604 826 exercitum
641 763 923 826 innumerabilem
954 765 1113 841 militum,

164 862 317 944 equitum
337 855 441 926 simul
465 870 500 926 et
522 862 687 944 peditum,
711 882 828 926 omues
849 864 935 926 fines
959 864 1112 928 Wallen-

165 962 254 1025 sium
278 981 357 1025 cum
379 962 465 1044 ipsis
486 961 722 1026 Wallensibus
747 964 977 1041 exterminare
998 963 1112 1045 dispo-

165 1062 246 1125 suit.
292 1060 456 1143 *Cumque
478 1080 540 1124 rex
565 1061 704 1124 tandem
728 1062 772 1125 ad
798 1062 1012 1144 Notingham
1034 1083 1112 1126 cum

165 1160 272 1224 multo
297 1161 473 1237 hominum
500 1161 650 1247 tumultu
678 1162 904 1248 pervenisset,
927 1169 1112 1244 antequam

164 1261 274 1323 cibum
307 1253 467 1338 sumeret,
491 1259 574 1323 fecit
598 1255 724 1341 viginti
754 1267 833 1323 octo
856 1281 993 1342 pueros,
1026 1281 1113 1343 quos

164 1379 255 1424 anno
284 1360 460 1443 praeterito
489 1378 510 1421 a
531 1359 768 1424 Wallensibus
798 1368 998 1442 susceperat
1023 1363 1114 1424 obsi-

164 1460 237 1536 des,
265 1461 301 1523 in
329 1460 494 1523 ultionem
513 1459 588 1542 jam
615 1458 717 1522 dictae
744 1460 1028 1541 transgressionis
1051 1481 1113 1543 pa·

164 1559 273 1624 tibulo
296 1559 472 1641 suspendi.
524 1558 659 1622 Deinde
679 1577 757 1622 cum
782 1559 928 1624 sedisset
954 1560 997 1623 ad
1019 1581 1113 1624 men-

165 1677 252 1737 sam,
283 1660 368 1723 cibis
396 1657 579 1722 intendens
609 1666 645 1722 et
672 1659 824 1740 potibus,
849 1661 943 1724 venit
972 1662 1113 1725 nuntius

164 1759 208 1821 ad
236 1779 353 1841 regem
384 1778 429 1823 ex
454 1765 553 1840 parte
581 1759 674 1839 regis
697 1759 836 1836 Scotiae,
859 1761 918 1842 qui
941 1761 972 1823 ei
995 1759 1113 1825 literas

164 1877 237 1922 suae
271 1857 421 1941 provisae
457 1857 660 1939 proditionis
699 1860 873 1940 porrexit3
911 1879 980 1942 quo
1009 1860 1113 1938 sacto,

165 1959 369 2022 venitalius
390 1958 534 2021 nuntius
557 1978 601 2021 ex
620 1967 719 2040 parte
735 1959 815 2021 filiae
835 1959 988 2041 ejusdem
1010 1962 1113 2041 regis

164 2059 284 2121 uxoris
304 2056 465 2122 videlicet
490 2056 638 2135 Leolini‚
664 2059 756 2138 regis
778 2057 929 2135 Walliae,
958 2059 1018 2140 qui
1040 2062 1114 2141 regi

164 2157 251 2221 alias
276 2157 395 2221 literas
418 2157 589 2240 prioribus
615 2157 798 2220 dissimiles
821 2158 975 2234 tradidit,
998 2159 1114 2223 dicens

164 2263 334 2321 secretum
350 2276 426 2321 esse
444 2257 536 2340 quod
551 2257 660 2321 literae
675 2257 908 2322 continebant.
933 2257 1014 2320 Rex
1031 2279 1113 2322 vero

164 2364 245 2439 post
265 2357 448 2438 prandium
469 2356 643 2421 divertens
667 2356 711 2420 ad
729 2357 842 2420 locum
859 2364 1027 2421 secretum
1040 2359 1113 2441 jus·

164 2457 211 2520 sit
226 2457 293 2522 sibi
310 2465 464 2520 tenorem
482 2475 656 2537 exponere
670 2457 847 2519 literarum
861 2477 870 2535 3
893 2457 1002 2520 literae
1019 2477 1113 2533 vero,

162 2556 243 2620 licet
256 2556 299 2619 de
316 2557 515 2637 regionibus
531 2556 689 2619 venirent
707 2556 864 2633 diversis
879 2575 983 2619 unam
998 2564 1113 2620 tamen

165 2655 376 2738 eandemque
404 2656 611 2719 sententiam
641 2656 875 2730 continebant,
903 2656 995 2738 quod
1021 2657 1114 2720 vide-

163 2755 245 2820 licet
266 2775 342 2832 rex,
362 2755 391 2818 si
414 2755 542 2818 bellum
560 2755 808 2836 aggrederetur
828 2755 1030 2836 incoeptum,
1052 2764 1114 2819 aut

164 2873 186 2918 a
206 2855 279 2918 suis
303 2856 525 2936 magnatibus
547 2857 784 2936 perimeretur,
808 2863 870 2919 aut
887 2855 1044 2919 hostibus
1069 2856 1111 2918 ad

163 2954 374 3036 perdendum
404 2953 606 3017 traderetur.
661 2953 741 3017 Rex
765 2961 892 3031 autern,
922 2973 999 3017 curn
1029 2956 1113 3018 talia

163 3054 329 3127 audisset,
345 3054 566 3135 perturbatus
587 3061 640 3116 est
658 3040 761 3118 valde
778 3062 813 3118 et
827 3055 941 3116 animo
959 3060 1112 3117 conster-

164 3162 280 3230 natus,
311 3160 429 3235 atque,
462 3171 540 3216 cum
569 3153 799 3217 intellexisset
826 3160 1007 3233 magnates
1036 3152 1112 3217 An-

164 3253 244 3334 gliae
273 3272 295 3315 a
326 3271 390 3316 sua
422 3271 497 3315 esse
529 3251 695 3316 fidelitate
726 3251 914 3327 absolutos,
946 3252 1112 3336 majorem

163 3352 272 3417 literis
295 3353 360 3416 sibi
384 3352 566 3416 destinatis
590 3352 691 3415 fidem
717 3351 895 3430 adhibuit3
918 3351 1009 3414 unde
1032 3372 1112 3433 pro·

86 3491 91 3501 ·
163 3453 314 3535 positum
344 3452 477 3515 utiliter
508 3459 722 3515 commutans
751 3451 859 3534 jussit
886 3471 1021 3514 omnem
1050 3472 1111 3514 ex-

164 3552 308 3616 ercitum
331 3551 374 3614 ad
408 3552 548 3633 propria
569 3571 732 3627 remeare,
755 3551 966 3633 veniensque
990 3550 1034 3613 ad
1054 3570 1112 3613 ur-

163 3652 241 3715 bem
274 3651 531 3714 Londoniarum
562 3651 656 3714 misit
684 3650 824 3713 nuntios
858 3649 902 3711 ad
933 3657 1112 3731 magnates

164 3752 344 3816 universos
364 3751 429 3813 sibi
443 3750 486 3813 de
502 3749 668 3813 fidelitate
682 3756 875 3831 suspectos
893 3750 1037 3830 exigens
1053 3751 1113 3813 ob-

165 3851 257 3914 sides
279 3851 324 3913 ab
347 3850 409 3926 eis,
432 3856 472 3912 ut
493 3849 654 3931 probaret
676 3848 735 3930 qui
757 3849 885 3912 vellent
904 3849 1016 3931 etqui
1038 3850 1113 3912 nol·

162 3950 237 4014 lent
251 3949 326 4033 ejus
344 3951 580 4030 obtemperare
594 3948 788 4030 praeceptis.
841 3948 899 4011 Illi
913 3968 994 4012 vero
1009 3949 1114 4028 regiis

159 4050 376 4134 jussionibus
413 4048 572 4112 resistere
606 4068 673 4111 non
708 4046 873 4111 audentes
911 4048 1113 4111 remiserunt

164 4150 266 4226 filios,
286 4154 429 4231 nepotes
456 4155 491 4212 et
505 4156 673 4229 cognatos
696 4166 777 4210 suos
793 4147 837 4210 ad
853 4147 987 4210 libitum
1010 4145 1113 4227 regiS,
