2858 4876
352 381 417 450 lua
600 401 735 452 nucum
763 404 810 450 nn
833 404 1041 453 wnunovun

189 572 313 671 ἓξὲξ-ἐξῇ·
352 559 490 644 peduni,
522 560 675 625 basilicae
707 580 728 624 a
761 561 903 643 fastigio
935 582 997 645 per
1025 560 1094 626 t'res
1124 557 1304 626 columnas¹

189 671 291 713 Turchffl·
352 660 559 746 dependenti
581 661 798 745 conjunctus,
851 661 895 724 In
918 662 1030 726 medio
1052 661 1205 727 basilicae
1228 663 1305 725 erat

351 763 452 845 quasi
469 763 591 844 ingens
607 760 780 844 quoddam
793 762 1046 845 baptisterium,
1060 764 1103 827 de
1120 763 1190 845 quo
1204 782 1304 826 max-

352 863 421 926 ima
447 863 597 940 flamma,
625 882 695 926 non
724 863 941 939 comburens,
963 863 1023 927 sed
1054 870 1162 929 totam
1186 862 1303 927 basili-

352 983 429 1027 cam
445 960 481 1027 et
499 964 577 1027 loca
595 962 708 1027 vicina
723 982 784 1044 per
800 963 980 1027 circuitum
999 963 1202 1028 mirabiliter
1216 982 1303 1045 qua·

352 1065 383 1128 si
414 1063 577 1147 splendor
608 1062 816 1126 meridianus
849 1062 1083 1128 indesinenter
1111 1064 1301 1139 illustrans

352 1164 604 1246 consurgebat3
634 1163 688 1227 bie
706 1170 822 1227 autem
836 1162 998 1245 splendor
1014 1162 1056 1228 de
1073 1163 1304 1228 decimatione

347 1263 522 1346 justorum
536 1263 773 1347 proveniebat,
789 1263 916 1327 sicuta
938 1271 1059 1328 sancto
1081 1262 1223 1328 edoctus
1248 1263 1302 1327 est

353 1363 376 1428 J
380 1364 509 1428 uliano.
563 1363 780 1428 Intrantibus
797 1369 913 1427 antem
927 1362 997 1427 illis
1011 1362 1190 1428 basilicam
1202 1383 1304 1428 sauc-

354 1471 410 1528 tus
426 1464 580 1528 lacobus
603 1464 703 1545 quasi
724 1463 891 1527 infulatus
913 1465 1075 1542 occurrit,
1097 1464 1157 1547 qui
1180 1464 1303 1529 videns

353 1566 572 1647 peregrinum
608 1584 721 1640 suum,
745 1584 808 1647 pro
833 1584 902 1646 quo
930 1565 1083 1642 miserat,
1106 1566 1155 1631 ait
1179 1571 1303 1629 sancto

353 1665 377 1729 J
380 1666 496 1730 uliano
520 1674 555 1729 et
573 1672 694 1729 sancto
715 1657 906 1743 ¹Domnno‚
933 1665 993 1746 qui
1019 1666 1179 1730 custodes
1208 1665 1303 1729 illius

352 1765 420 1829 loci
455 1773 565 1842 erant,
596 1773 636 1830 ut
660 1765 881 1830 ostenderent
912 1767 1094 1848 peregrino
1124 1785 1188 1830 suo
1226 1765 1304 1830 loca

354 1866 506 1949 poenalia
520 1865 689 1930 malorum
711 1865 814 1930 simul
836 1873 871 1930 et
889 1867 1085 1930 mansiones
1102 1863 1302 1949 justorum3

354 1974 389 2031 et
405 1965 458 2030 his
478 1966 579 2031 dietis
602 1967 814 2049 pertransiit.
866 1966 967 2031 Tunc
984 1974 1125 2031 sanetus
1138 1966 1303 2031 Julianus

353 2066 526 2131 intimavit
541 2066 665 2131 educto
688 2065 751 2144 illi,
775 2066 865 2130 banc
888 2067 1067 2131 basilicam
1089 2086 1164 2132 esse
1188 2066 1302 2132 locum

354 2167 506 2230 omnium
533 2167 725 2231 animarum
748 2186 770 2231 a
791 2186 937 2251 corpore
955 2184 1068 2251 'nuper
1089 2168 1303 2245 exeuntium,

353 2274 394 2331 ut
420 2268 468 2332 ibi
497 2268 687 2332 sortiantur
716 2268 912 2332 mansiones
942 2277 978 2333 et
1007 2268 1085 2333 loca
1113 2267 1303 2333 secundum

354 2368 478 2431 merita
505 2387 569 2432 sua
599 2368 665 2432 sibi
698 2368 864 2432 divinitus
891 2368 1076 2447 destinata,
1108 2377 1179 2456 tam
1208 2368 1303 2433 dam-

353 2468 478 2533 nandae
510 2488 613 2551 quam
643 2488 705 2551 per
734 2469 927 2552 purgatorii
954 2489 1076 2552 poenas
1092 2468 1304 2551 'salvandae3

353 2568 451 2633 locus
473 2570 563 2633 enim
586 2569 652 2634 iste
674 2589 736 2651 per
757 2569 1037 2634 intercessionem
1054 2570 1215 2652 gloriosae
1231 2572 1302 2635 vir·

354 2670 444 2750 ginis
468 2670 590 2734 Mariae
614 2689 636 2733 a
658 2669 810 2734 Domino
832 2669 1013 2734 Salvatore
1038 2669 1304 2736 misericorditer

355 2777 408 2833 est
425 2771 645 2845 constitutus
662 2778 702 2834 ut
715 2769 841 2834 ibidem
859 2790 977 2834 omnes
995 2770 1119 2835 animae
1133 2771 1169 2834 in
1187 2770 1303 2836 Chris·

354 2876 391 2933 to
408 2862 549 2949 renatae,
563 2891 645 2935 mox
661 2878 700 2935 ut
717 2890 739 2934 a
755 2890 897 2954 corpore
911 2871 1071 2949 exierint,
1086 2873 1217 2955 absque
1231 2872 1305 2936 ulla

354 2970 548 3034 daemonum
570 2970 750 3035 invasione
773 2973 982 3036 conveniant
1004 2967 1039 3036 et
1058 2971 1227 3056 judicium
1247 2993 1304 3036 se·

354 3071 503 3134 cundum
520 3091 626 3154 opera
642 3091 705 3136 sua
719 3071 897 3154 recipiant.
922 3143 924 3148 ,
950 3072 994 3135 In
1016 3073 1184 3155 habergo
1207 3073 1302 3137 basi-

353 3171 421 3235 lica
436 3179 566 3236 sanctae
582 3172 718 3250 Mariae,
735 3192 813 3255 quae
828 3172 1081 3256 ‘congregatio
1101 3173 1303 3237 animarum’

352 3271 490 3350 dicitur,
517 3271 644 3336 multas
672 3272 743 3337 vidi
768 3273 900 3337 animas
923 3273 1099 3358 justorum
1132 3293 1177 3337 ex
1209 3274 1304 3338 omni

353 3380 451 3455 parte
480 3372 644 3436 candidas
671 3373 859 3456 vultusque
891 3375 991 3457 quasi
1032 3374 1302 3440 adolescentium

352 3471 531 3538 habentes.
594 3472 707 3537 Extra
736 3492 870 3537 murum
896 3468 1132 3557 aquilonarem
1151 3474 1303 3540 'eductus

352 3572 519 3656 conspexi
534 3573 666 3638 animas
679 3573 857 3657 plurimas,
869 3594 968 3638 muro
977 3576 1125 3639 vicinius
1134 3582 1303 3654 astantes,

352 3674 496 3737 maculis
516 3672 604 3737 albis
629 3681 666 3738 et
686 3674 795 3756 nigris
815 3688 1008 3758 respersas,
1031 3670 1178 3757 quarum
1204 3696 1302 3759 quae·

352 3773 431 3837 dam
458 3774 538 3857 plus
560 3773 719 3838 candoris
739 3768 842 3857 quam
869 3775 1070 3858 nigredinis,
1098 3775 1303 3859 quaedame

352 3875 538 3952 contrario,
560 3872 817 3939 similitudinem
847 3875 1097 3958 praeferebant3
1131 3875 1201 3941 illae
1219 3897 1303 3942 vero

352 3993 430 4058 quae
464 3973 678 4039 candidiores
710 3983 810 4041 erant
840 3997 940 4042 muro
972 3975 1120 4041 vicinius
1147 3977 1305 4043 adhaere·

573 4186 725 4262 ¹Domrnro.]
745 4195 871 4259 Probably
884 4197 923 4246 for
933 4189 1093 4249 ‘Domina'
