2858 4876
418 399 558 448 nuoans
582 401 852 450 nrsroamnuu.
1042 386 1105 450 131

159 561 214 651 est
235 556 280 621 ad
293 560 571 624 'succurrendum
600 569 716 626 castro
742 562 785 625 de
811 560 988 640 curceles,
1015 561 1107 644 qued
1120 573 1242 617 annua

159 656 312 721 nondum
334 659 478 724 credidit
494 679 570 725 esse
592 669 732 744 captum
750 683 759 741 ;
783 662 969 745 quodcum
992 661 1107 726 audis.

160 763 214 821 set
234 776 297 838 per
316 759 554 842 exploratores
578 780 661 825 suos
689 782 750 825 rex
778 761 985 838 Richardus,
1014 763 1109 826 venit

158 875 203 920 ex
229 857 376 923 adverso
401 859 539 924 obviam
564 867 600 924 et
628 861 718 924 inter
743 859 905 925 curceles
928 869 964 926 et
987 860 1108 927 Gisor·

159 957 245 1021 tium
261 965 453 1041 campestre
468 979 546 1023 cnm
565 960 635 1024 illis
651 960 809 1043 praelium
828 961 1011 1027 commisit.
1063 961 1107 1026 In

159 1056 224 1123 hoc
252 1064 368 1123 autom
401 1078 589 1140 congressu
618 1079 681 1124 rex
715 1061 940 1138 Francorum,
970 1060 1106 1145 pondus

159 1157 270 1238 praelii
285 1157 375 1222 ferre
397 1178 467 1222 non
484 1160 616 1237 valens,
638 1168 780 1225 coactus
796 1179 874 1225 cum
896 1162 968 1225 suis
984 1162 1028 1225 ad
1045 1160 1105 1224 Gi-

160 1256 258 1320 sortii
281 1258 461 1323 castellnm
488 1258 645 1341 aufirgit3
670 1267 717 1335 et,
741 1280 819 1324 cum
836 1261 1000 1341 fugiendo
1018 1281 1104 1343 pon·

160 1363 227 1420 tem
246 1356 288 1421 de
307 1356 430 1423 Gisors
450 1359 686 1424 ascendissent
705 1360 888 1442 fugientes,
907 1360 1105 1425 confractus

158 1463 213 1521 ert
240 1476 328 1540 pons
358 1458 417 1522 ille
446 1478 519 1542 prae
550 1459 769 1524 multitudine
796 1459 999 1524 intrantium
1027 1480 1105 1526 cnm

160 1556 303 1640 impetn,
328 1559 462 1640 etipse
492 1578 554 1623 rex
580 1579 657 1623 cum
677 1579 767 1642 equo
790 1567 826 1623 et
852 1561 957 1623 armis
982 1561 1106 1626 cecidit

158 1656 194 1719 in
225 1656 370 1723 fluvium
399 1659 442 1722 de
475 1657 597 1736 Eethe,
626 1678 705 1723 cum
734 1659 811 1723 aliis
843 1661 1032 1725 innumeris
1062 1660 1105 1726 de

159 1776 268 1839 regno
293 1757 518 1835 Francorum,
543 1760 603 1823 ubi
631 1779 693 1823 rex
718 1758 778 1823 ille
802 1761 838 1823 iu
865 1780 964 1824 coeno
981 1761 1105 1845 jacens

161 1857 337 1922 volutatus
365 1878 386 1922 a
412 1859 533 1924 mortis
556 1858 750 1923 discrimine
773 1860 834 1923 vix
862 1868 1000 1943 ereptus
1026 1869 1104 1941 θεὶς

158 1956 220 2021 sed
246 1957 378 2025 interea
401 1959 494 2023 acies
519 1959 678 2042 quaedam
701 1957 743 2022 de
767 1959 992 2042 Francigenis
1018 1961 1107 2025 elec-

159 2057 305 2135 tissima,
325 2065 366 2123 ut
390 2058 549 2123 domiuus
577 2078 695 2123 eorum
724 2059 865 2123 liberius
897 2079 959 2141 per
986 2059 1105 2141 fugam

160 2157 225 2222 sibi
248 2159 443 2223 consuleret
467 2167 503 2223 et
529 2159 622 2240 regis
645 2179 723 2223 cum
746 2157 958 2241 insequentis
983 2177 1106 2223 manns

161 2257 333 2335 evaderet,
363 2258 494 2323 reversi
526 2258 570 2322 dc
600 2259 713 2324 fronte
743 2265 865 2322 contra
894 2278 1010 2340 regem
1040 2259 1105 2324 Ri-

161 2356 324 2423 chardum
355 2359 522 2442 impetum
547 2359 584 2422 in
608 2378 686 2423 cum
707 2359 863 2422 fecerunt
888 2359 1104 2436 acerrimum,

160 2477 237 2521 sese
263 2478 327 2541 pro
352 2457 482 2524 domini
512 2458 567 2523 sui
597 2457 773 2541 ereptione
798 2459 919 2522 mortis
951 2458 1105 2540 periculo

159 2565 381 2641 exponentes.
449 2557 549 2623 Tunc
577 2558 705 2623 bellum
736 2559 919 2640 utrobique
948 2558 1106 2623 accendi-

161 2664 229 2735 tur,
257 2677 358 2723 enses
383 2657 567 2721 fulminant
591 2658 683 2722 circa
708 2659 824 2742 capita
848 2659 999 2740 galeata,
1026 2659 1105 2723 icti·

161 2757 226 2821 bns
243 2756 465 2838 ingeminatis
485 2757 583 2838 ignes
604 2765 824 2839 extorquent,
843 2758 1042 2823 lancearum
1062 2759 1108 2821 ri-

160 2875 224 2937 gor
248 2856 367 2921 hostes
394 2856 577 2921 hincinde
603 2859 805 2941 prostravit,
831 2856 958 2921 fabulis
985 2877 1107 2922 vacare

160 2975 229 3021 non
248 2957 430 3035 estlocuS,
451 2976 515 3021 nec
535 2956 633 3021 furor
652 2958 813 3034 cessavit,
829 2956 937 3021 donec
956 2977 1019 3022 rex
1032 2954 1108 3021 An·

160 3056 295 3138 glorum
330 3057 440 3121 aciem
472 3057 654 3140 praefatam
684 3057 721 3120 in
750 3076 787 3121 se
813 3076 1017 3121 conversam
1043 3058 1107 3119 snb

161 3157 320 3237 captione
351 3157 530 3221 conclusit.
603 3155 647 3219 In
682 3155 747 3220 hoc
779 3176 916 3238 quoque
944 3155 1107 3220 conflictu

160 3256 227 3319 rex'
251 3255 449 3320 Richardus
482 3245 552 3320 tres
579 3256 707 3319 electos
734 3255 873 3332 milites,
900 3255 1107 3319 Matthaeum

160 3355 292 3419 scilicet
317 3354 361 3419 de
389 3355 718 3434 Monte-Morecino,
744 3355 896 3419 Alanum
929 3355 972 3419 de
998 3354 1108 3419 Rusci

160 3461 196 3519 et
216 3455 406 3519 Falconem
426 3454 470 3519 de
494 3453 707 3532 GilernaIIiS,
729 3455 773 3518 ab
795 3455 893 3537 equis
915 3454 958 3517 ad
980 3460 1107 3518 terram

160 3555 362 3636 prostravit,
384 3561 577 3637 prostratos
604 3554 766 3633 retinuit;
790 3560 921 3618 etcum
943 3553 993 3616 eis
1011 3553 1108 3618 nobi-

160 3653 263 3718 liores
282 3654 326 3719 de
344 3673 452 3736 regno
476 3654 689 3718 Francorum
709 3655 867 3730 barones,
887 3673 1033 3736 quorum
1054 3653 1109 3717 hic

161 3754 302 3819 nomina
329 3760 580 3837 praenotantur,
614 3752 727 3818 Gallis
759 3753 802 3817 de
836 3752 958 3826 Porta,
988 3751 1109 3816 Girar-

159 3853 225 3918 dus
245 3852 288 3917 de
311 3852 429 3930 Chori,
456 3852 638 3935 Philippus
659 3852 701 3916 de
726 3852 887 3929 Nantuil,
912 3852 1039 3915 Petrus
1066 3853 1108 3915 de

159 3952 328 4031 Eschans,
347 3952 523 4017 Robertus
540 3951 583 4015 de
601 3960 722 4017 sancto
740 3952 922 4035 Dionysio,
938 3952 1111 4015 Theobal-

158 4053 225 4119 dus
252 4054 296 4119 de
318 4051 644 4135 Wallanggardum,
673 4050 828 4116 Cedunal
854 4052 896 4115 de
919 4051 1013 4128 Trie,
1037 4050 1111 4115 Ro·

158 4174 264 4235 gatus
288 4154 332 4219 de
360 4151 541 4229 Meetlent,
566 4150 648 4214 Aim
673 4151 803 4230 Triers,
829 4151 1045 4232 Reginaldus
1069 4151 1112 4214 de

959 4272 1009 4318 κ2
