2858 4876
424 408 565 456 rnonns
588 410 860 458 ursronmnun.
1071 394 1115 457 25

165 565 194 627 si
221 567 257 628 in
284 565 376 631 terra
399 568 609 633 interfecerit
627 588 846 653 quemquam,
874 590 951 634 cum
978 578 1114 634 mortuo
1127 584 1250 626 A·1>·¹¹⁹⁰·

163 663 292 746 ligatus
325 668 562 749 confodiatur;
601 670 631 733 si
667 671 745 753 quis
782 671 962 736 convictus
997 669 1114 748 fuerit,

165 767 257 847 quod
282 770 458 833 cultellum
481 770 524 833 ad
555 770 661 834 alium
685 772 944 853 percutiendum
969 779 1114 835 extrax-

166 868 243 945 erit,
270 878 331 934 aut
360 871 452 953 quod
475 871 580 935 alium
604 871 648 935 ad
671 873 873 953 sanguinem
895 873 1114 955 percusserit,

166 987 319 1050 pugnum
335 971 476 1053 perdat3
500 972 529 1034 si
545 979 660 1035 autem
681 973 799 1054 palma
815 973 1034 1055 percusserit,
1050 973 1113 1036 tri-

166 1068 231 1132 bus
254 1071 387 1136 vicibus
409 1080 587 1154 mergatur
608 1073 645 1136 in
670 1073 777 1152 mari;
804 1074 835 1136 si
855 1074 934 1157 quis
955 1074 992 1136 in
1018 1074 1113 1138 socio

168 1172 402 1251 opprobrium,
426 1173 625 1250 convitium,
650 1181 710 1237 aut
740 1172 855 1237 odium
885 1173 953 1238 Dei
977 1174 1114 1258 objece-

167 1271 224 1346 rit,
240 1280 325 1353 quot
340 1274 474 1337 vicibus
494 1273 525 1337 ei
547 1274 757 1338 convitiatus
781 1273 897 1352 suerit,
920 1282 974 1338 tot
993 1273 1114 1338 uncias

168 1373 304 1452 argenti
339 1374 484 1454 reddat;
518 1376 608 1438 latro
641 1376 822 1439 convictus
851 1376 895 1439 de
920 1374 1024 1452 furto,
1053 1376 1114 1458 pix

167 1471 315 1536 bulliens
345 1494 449 1557 super
480 1484 586 1556 caput
617 1476 693 1560 ejus
717 1475 913 1540 effundatur
934 1484 970 1538 et
995 1475 1116 1557 pluvia

168 1572 359 1653 pulvinaris
381 1595 486 1657 super
510 1584 615 1658 caput
638 1576 713 1660 ejus
740 1578 938 1640 excutiatur
966 1574 1010 1639 ad
1033 1596 1116 1658 cog-

169 1675 376 1738 noscendum
406 1695 496 1753 eum,
522 1683 556 1740 et
579 1677 615 1739 in
643 1677 752 1759 prima
779 1685 883 1752 terra,
912 1696 982 1759 qua
1008 1696 1116 1740 naves

106 1828 109 1833 r
169 1774 409 1855 applicuerint,
427 1770 670 1860 ¹projiciatur.'
717 1775 795 1841 Has
815 1786 930 1842 autem
948 1778 1117 1841 constitu-

168 1875 280 1939 tiones
313 1878 356 1940 ab
386 1878 544 1942 omnibus
576 1877 649 1942 fore
682 1879 929 1956 observandas,
959 1884 994 1942 et
1025 1878 1115 1960 quod

167 1975 296 2057 singuli
312 1978 467 2059 praefatis
478 1978 683 2062 justiciariis
697 1980 887 2056 obedirent,
903 1979 985 2043 lecit
999 1998 1116 2042 saera-

168 2085 284 2140 mento
314 2077 529 2157 confirmari3
563 2099 632 2159 quo
655 2078 761 2155 facto,
786 2080 950 2161 praecepit
974 2080 1115 2142 rectori-

169 2176 234 2237 bus
252 2178 384 2258 navigii
403 2179 468 2254 sui,
485 2186 525 2240 ut
539 2179 697 2259 protinus
715 2198 809 2241 mare
826 2178 1000 2242 sulcantes
1023 2177 1116 2260 apud

170 2275 365 2339 Marsiliam
382 2278 539 2340 venirent
556 2277 599 2341 ad
619 2298 709 2342 eum.

174 2442 216 2509 Ut
230 2465 284 2506 rea
299 2442 479 2508 Biclardos
493 2444 583 2529 opud
604 2443 793 2510 Vizelioeom
802 2466 916 2530 parom
931 2454 958 2509 ot
975 2442 1118 2508 baculam

575 2545 716 2631 sucepit.

218 2661 349 2726 Eodem
372 2670 526 2744 tempore
549 2661 617 2727 duo
644 2681 755 2744 reges,
781 2662 993 2725 Francorum
1024 2661 1116 2725 vide·
1131 2683 1258 2745 narrum

133 2821 135 2825 ,
167 2763 248 2826 licet
283 2771 319 2830 et
345 2761 553 2844 Anglorum,
584 2769 819 2827 convenerunt
847 2761 939 2843 apud
965 2761 1115 2826 Vizelia·
1130 2735 1278 2834 digiiiffii

167 2883 257 2940 cum,
274 2864 333 2927 ubi
350 2882 475 2945 corpus
493 2864 605 2926 beatae
622 2861 745 2927 Mariae
763 2861 983 2943 Magdalenae
1001 2863 1116 2944 requi·
1130 2835 1215 2876 “⁸¹¹⁰‘'

167 2965 264 3041 escit,
292 2964 329 3027 in
357 2963 491 3027 octavis
522 2965 635 3027 sancti
668 2962 841 3027 Jobanuis
869 2962 1052 3044 Baptistae,
1081 2969 1116 3028 et

168 3085 230 3147 per
252 3064 339 3128 duos
367 3065 440 3127 dies
468 3064 516 3128 ibi
538 3083 669 3127 moram
691 3063 866 3142 fecerunt3
899 3069 934 3125 et
956 3083 1019 3126 rex
1041 3061 1116 3126 An-

167 3164 302 3247 glorum
320 3165 367 3229 ibi
383 3158 519 3246 2peram
535 3165 665 3247 recepit
682 3172 717 3228 et
732 3163 905 3239 baculum,
920 3163 955 3225 in
970 3164 1116 3229 ecclesia

168 3267 281 3330 sancti
305 3265 476 3348 Dionysii.
524 3265 657 3328 Deinde
682 3283 781 3346 reges
800 3283 878 3327 cum
902 3272 976 3328 tota
1000 3263 1116 3328 multi·

168 3366 287 3430 tudine
329 3365 475 3447 profecti
501 3372 668 3428 venerunt
698 3364 742 3427 ad
775 3363 981 3444 Lugdunum
1012 3385 1116 3447 super

171 3466 392 3542 Rhodanum,
410 3465 481 3542 ubi,
505 3485 582 3527 cum
605 3466 672 3548 ipsi
694 3472 729 3528 et
743 3465 896 3528 maxima
918 3483 999 3546 pars
1017 3484 1116 3528 excr-

169 3566 257 3631 citus
285 3566 339 3628 sui
366 3574 506 3648 pontem
530 3565 692 3630 Rhodani
708 3564 1000 3649 pertransissent,
1027 3584 1115 3646 pons

170 3667 228 3730 ille
250 3665 380 3730 corruit
397 3673 432 3729 et
451 3665 578 3729 multos
599 3667 779 3748 utriusque
797 3684 902 3728 sexus
918 3666 1114 3731 submersit.
1146 3673 1150 3680 '

171 3767 301 3832 Postea
323 3786 406 3831 vero
428 3785 527 3848 reges
549 3766 651 3830 divisi
672 3774 754 3831 sunt
777 3766 821 3828 ab
842 3765 989 3828 invicem
1013 3785 1115 3848 prop-

169 3878 222 3932 ter
241 3869 380 3931 nimiam
401 3867 575 3931 hominum
597 3865 863 3942 multitudinem,
886 3885 954 3928 non
979 3873 1116 3947 poterat

206 4031 212 4059 ¹
223 4029 396 4092 Proiieiutua]
408 4027 559 4090 ‘Datapud
567 4026 629 4076 Chi·
655 4028 705 4075 and
716 4027 783 4087 scrip
794 4032 821 4074 at
836 4025 927 4084 Toum,
943 4024 1029 4087 Philip
1041 4032 1068 4074 at
1079 4025 1117 4076 St.

168 4114 257 4149 nonem
267 4095 281 4159 3’
300 4100 432 4149 Hovedcn.
652 4096 746 4146 'Denis.
791 4097 832 4144 on
850 4095 892 4144 the
910 4095 1002 4144 former
1020 4095 1058 4144 lor
1076 4095 1117 4144 the

204 4171 310 4218 ²Perom
331 4169 420 4232 recepit
442 4172 467 4218 et
489 4159 630 4234 buculam]
656 4169 709 4215 first
718 4169 777 4216 time
788 4166 964 4228 leaningupon
972 4167 1001 4225 it,
1010 4165 1051 4215 the
1061 4167 1122 4215 staff

169 4241 280 4290 Richard
303 4240 353 4289 had
372 4238 488 4291 received
510 4239 552 4288 the
574 4238 635 4288 staff
657 4237 751 4300 broke;
770 4237 972 4299 novennem.
