2858 4876
440 400 588 449 enonas
612 399 883 450 ursunmsauu.
1092 389 1136 452 55

187 565 385 622 statuerunt
407 557 693 639 irrefragabiliter
716 557 997 640 Hierosolymam
1025 559 1132 624 adire.
1148 576 1270 621 annm.

186 651 357 739 Cumque¹
382 675 445 721 rex
472 656 667 720 Richardus
691 677 769 720 cum
791 658 953 721 universo
978 660 1133 724 exercitu

185 774 248 818 suo
268 756 482 837 pervenisset
502 755 546 819 ad
561 755 885 820 Castrum-Ernaldi
906 762 942 819 et
957 756 1133 823 Bethono-

184 855 241 936 ple
257 854 364 937 juxta
380 855 522 932 Emaus,
546 875 624 920 ecce
648 855 789 937 quidam
811 855 1000 933 Bedewini,
1015 858 1075 939 qui
1092 878 1130 923 se

80 967 82 971 ’
182 954 257 1035 regi
286 954 537 1036 obligaverant,
568 956 730 1018 nuntiant
757 955 944 1017 maximam
973 957 1129 1021 multitu·

182 1053 295 1117 dinem
312 1055 567 1136 negotiatorum
587 1074 630 1118 ex
653 1053 849 1136 Babylonia
862 1073 982 1118 versus
1000 1055 1129 1121 Hiero-

181 1154 349 1236 solymam
376 1154 517 1218 tendere
542 1173 620 1217 cum
645 1160 778 1235 septem
804 1152 955 1216 millibus
979 1156 1127 1219 camelo-

182 1271 256 1314 rum
287 1252 431 1317 diversis
461 1253 584 1335 opibus
615 1253 761 1329 onustis,
788 1259 824 1315 et
850 1252 938 1316 banc
969 1273 1127 1318 numero-

181 1352 318 1416 sitatem
339 1352 404 1416 viri
426 1353 552 1434 quique
578 1353 807 1416 strenuissimi
829 1351 1007 1416 Salaadini
1029 1373 1128 1417 exer-

181 1451 270 1515 citus
302 1451 403 1514 electi
434 1451 695 1530 conducebant3
730 1452 855 1533 quibus
881 1470 958 1514 cum
981 1472 1044 1516 rex
1066 1454 1127 1516 ob-

180 1551 273 1613 viam
304 1551 528 1632 processisset
566 1570 642 1614 cum
683 1551 803 1633 paucis
838 1551 992 1627 armatiS,
1019 1551 1126 1634 juxta

181 1648 539 1713 Rubeamcisternam
579 1669 697 1713 omnes
731 1649 928 1730 occupavit,
957 1651 1124 1714 camelos·

180 1768 247 1831 que
278 1769 356 1813 cum
384 1750 456 1812 suis
483 1749 646 1813 oneribus
670 1749 834 1831 diripiens
862 1749 1028 1812 exercitui
1060 1768 1123 1813 suo

178 1868 253 1911 cum
294 1868 423 1930 magna
460 1848 668 1912 liberalitate
705 1848 893 1923 distribuit,
927 1846 1050 1911 deinde
1078 1849 1123 1912 ad

176 1949 358 2029 praefatum
390 1954 540 2011 castrum
569 1947 766 2030 regrediens
794 1946 991 2028 praesidium
1012 1966 1125 2010 arma-

177 2054 290 2141 torum
306 2048 342 2110 in
358 2047 504 2128 singulis
527 2046 727 2111 civitatibus
742 2053 777 2108 et
792 2045 916 2108 castris
936 2045 1124 2127 prudenter

176 2146 372 2209 collocavit.

194 2317 244 2379 Do
258 2316 396 2400 quodam
409 2314 547 2392 mahero,
564 2315 728 2399 qaaesccit
744 2313 943 2392 Christiania,
949 2315 1108 2400 precipuo

522 2435 587 2500 repr
581 2413 773 2479 dichorda.

226 2532 325 2603 Rex²
349 2545 466 2602 autem
490 2537 686 2623 Richardus
712 2558 792 2601 cum
817 2537 936 2621 praeda
960 2537 1250 2659 universauuaffiy

175 2640 217 2702 ad
231 2638 436 2703 Castellum·
439 2637 583 2700 Ernaldi
596 2639 708 2701 victor
722 2638 825 2702 laetus
841 2656 1012 2715 reversus,
1027 2619 1206 2720 quod¹¹¹⁸u
1132 2660 1241 2758 mn

174 2740 218 2802 ab
244 2738 464 2801 Hierusalem
486 2738 596 2801 tribus
619 2744 755 2801 tantum
777 2738 885 2801 distat
905 2737 1118 2810 milliaribus
1130 2720 1232 2798 remia

173 2838 328 2918 singulos
352 2842 511 2918 potentes
534 2835 718 2916 diligenter
740 2836 956 2914 adhortatur,
975 2843 1015 2900 ut
1030 2835 1119 2899 Hie·
1110 2785 1255 2898 mitiis.

173 2936 381 3019 rosolymam
394 2935 520 2998 adeant
535 2942 571 2998 et
583 2936 782 3012 obsideant;
799 2935 880 2998 dum
890 2943 990 2999 tanta
1004 2954 1118 2999 rerum

173 3036 325 3101 omnium
350 3034 463 3117 copia,
481 3034 693 3097 victualium¹
706 3034 839 3098 scilicet
860 3042 897 3098 et
918 3035 1118 3098 animalium

174 3135 217 3199 ad
238 3133 461 3200 subvehenda
485 3153 603 3210 onera,
627 3135 677 3198 eis
705 3133 871 3214 suppetit,
897 3133 1118 3197 memorando

173 3242 305 3318 quauta
323 3234 489 3297 beneficia
514 3233 584 3296 illis
610 3234 646 3295 in
666 3250 730 3295 sua
752 3233 1029 3313 peregrinatione
1048 3233 1117 3296 cle-

171 3335 301 3398 mentia
317 3333 435 3396 divina
450 3330 647 3395 contulerit.
699 3330 876 3394 Praeterea
897 3351 967 3394 non
990 3331 1117 3394 medio-

171 3435 275 3498 criter
294 3451 408 3512 regem
425 3431 602 3494 animabat
619 3430 741 3493 mulier
760 3431 920 3512 quaedam
944 3430 1118 3512 religiosa,

171 3533 311 3597 natione
339 3531 438 3615 Syra,
471 3530 506 3592 in
537 3529 679 3593 civitate
710 3528 1031 3612 Hierosolymitana
1058 3529 1117 3591 de-

171 3651 270 3713 gens,
295 3649 373 3713 quae
401 3629 475 3710 regi
500 3629 616 3692 omnia
642 3629 795 3692 civitatis
820 3635 954 3692 secreta
976 3627 1117 3691 mauda-

169 3738 280 3807 verat,
303 3729 519 3812 qualiterque
546 3747 665 3791 0mnes
687 3727 851 3790 Saraceni
872 3727 982 3791 timidi
1005 3727 1117 3790 effecti

203 3899 212 3931 ¹
223 3899 349 3962 Cumque]
361 3897 479 3958 Vinsnuf,
486 3913 512 3958 p.
520 3901 631 3959 405,req.
657 3897 686 3946 ot
694 3897 721 3946 S.
728 3897 797 3947 John
808 3898 851 3946 the
862 3897 973 3959 Baptiet,
983 3896 1052 3946 June
1066 3900 1116 3956 233

169 3971 292 4021 Hoveden
307 3982 376 4030 says,
394 3967 448 4015 that
464 3967 507 4015 the
523 3979 631 4015 caravan
657 3983 683 4029 p.
695 3971 753 4016 716.

167 4054 223 4088 wne
235 4037 347 4102 guarded
359 4039 393 4097 by
407 4037 494 4085 eleven
505 4035 631 4084 thousand

167 4110 251 4171 horse,
267 4108 317 4157 and
335 4106 390 4154 that
407 4106 450 4154 the
470 4105 555 4154 attach
576 4119 631 4153 was
692 4100 789 4168 Ἕω]
808 4105 906 4166 Neurly
916 4104 1036 4152 verbatim
1054 4102 1115 4152 from

168 4180 242 4228 made
254 4193 286 4228 on
297 4176 339 4225 the
351 4174 413 4237 vigil
424 4175 453 4225 oi
464 4175 507 4224 the
523 4175 629 4236 nativity
657 4174 825 4238 coggeshala,
836 4176 882 4224 col.
891 4178 948 4224 821.
