2858 4876
328 409 393 473 250
586 421 721 469 nocuru
746 420 792 468 nu
815 419 1023 470 wuuoovrn
1094 490 1098 496 Ι

166 598 220 638 nn.
233 599 288 638 lala.
328 586 445 643 menta
470 585 644 643 eteorum
671 584 831 661 patentes
854 579 974 643 literas
995 577 1163 656 exhiberi,
1185 577 1280 660 quod

326 679 396 761 ipsi
414 680 504 743 bona
522 678 589 743 fide
608 678 797 743 studebunt
813 686 854 743 ut
870 678 944 743 haec
962 698 1033 762 pax
1055 685 1091 744 et
1109 678 1279 742 securitas

327 778 471 844 firmiter
484 780 707 860 observetur;
731 786 766 844 et
781 780 811 843 si
831 780 932 856 torte,
948 778 1041 861 quod
1058 778 1156 842 Deus
1178 797 1279 843 aver-

328 886 393 956 tat,
428 899 490 962 per
523 899 585 943 uos
619 880 714 962 ipsos
743 879 799 943 vel
832 880 920 944 alios
948 879 1279 955 contravenerimus,

326 979 394 1060 ipsi
419 998 482 1062 pro
505 980 651 1043 ecclesia
674 986 795 1044 contra
817 979 1004 1044 violatores
1022 979 1221 1042 securitatis
1243 986 1280 1042 et

327 1080 423 1160 pacis
456 1079 628 1144 mandatis
656 1078 857 1162 apostolicis
885 1078 1114 1155 inhaerehunt,
1145 1097 1279 1160 nosque

327 1185 495 1261 perpetuo
514 1179 712 1244 vacantium
734 1179 957 1244 ecclesiarum
976 1177 1154 1242 custodias
1176 1179 1279 1241 amit-

328 1286 453 1343 tamus
506 1278 609 1358 Quod
642 1280 674 1343 si
704 1279 794 1343 forte
823 1277 1079 1362 nequiverimus
1110 1277 1155 1342 ad
1187 1277 1280 1342 hauc

328 1379 485 1443 ultimam
499 1387 634 1462 partem
646 1378 836 1463 juramenti
851 1398 911 1442 eos
927 1379 1100 1456 inducere,
1116 1377 1279 1443 videlicet

328 1479 433 1561 quod,
454 1479 566 1562 siper
589 1479 838 1561 nosmetipsos
858 1479 914 1543 vel
939 1478 1027 1543 alios
1050 1485 1279 1542 contravene-

327 1579 446 1656 rimus,
469 1579 537 1662 ipsi
561 1598 623 1661 pro
652 1579 797 1643 eeclesia
823 1585 945 1643 contra
969 1578 1156 1643 violatores
1181 1580 1280 1660 pacis

329 1685 364 1742 et
390 1678 587 1743 securitatis
615 1677 789 1742 mandatis
820 1678 1021 1761 apostolicis
1047 1677 1280 1755 inhaerebunt,

329 1797 393 1840 nos
420 1786 562 1861 propter
587 1778 652 1842 hoc
676 1779 815 1842 domino
837 1798 938 1860 papae
963 1798 1004 1842 ac
1025 1779 1181 1843 ecclesiae
1205 1777 1280 1843 Ro·

329 1897 441 1941 manae
467 1898 528 1960 per
552 1885 690 1942 nostras
716 1885 875 1960 patentes
902 1879 1022 1942 literas
1047 1878 1279 1961 obligavimus

329 1997 430 2042 omne
445 1977 505 2061 jus
525 1985 743 2059 patronatus,
765 1978 857 2061 quod
879 1977 1045 2042 habemus
1068 1978 1105 2042 in
1124 1979 1280 2042 ecclesiis

329 2076 545 2160 Anglicanis.
592 2079 638 2142 Et
655 2079 705 2142 sic
719 2097 837 2141 omnes
853 2079 985 2155 literas,
1001 2097 1079 2161 quae
1096 2098 1162 2162 pro
1180 2096 1280 2142 secu-

329 2165 433 2241 ritate
452 2177 695 2260 praedictorum
716 2185 797 2243 sunt
812 2178 1027 2255 exhibendae,
1047 2178 1201 2261 praefatis
1223 2196 1281 2240 ar·

329 2277 547 2360 chlepiscopo
566 2286 602 2342 et
617 2279 789 2361 episcopis
810 2285 891 2342 aute
913 2297 1013 2342 suum
1029 2279 1221 2360 ingressum
1243 2278 1281 2340 in

329 2376 495 2460 Angliam
514 2379 799 2443 transmittemus.
852 2378 889 2442 Si
911 2398 994 2443 vero
1018 2378 1117 2442 nobis
1138 2379 1280 2462 placue-

327 2479 386 2555 rit,
411 2497 504 2560 saepe
532 2478 626 2542 fatus
651 2478 927 2562 archiepiscopus
954 2485 989 2543 et
1012 2479 1165 2562 episcopi
1188 2497 1280 2561 prae-

328 2580 482 2655 stabunt,
506 2579 604 2642 salvo
627 2577 758 2642 honore
783 2579 851 2643 Dei
875 2586 910 2642 et
931 2578 1097 2655 ecclesiae,
1113 2578 1280 2662 juratori-

328 2696 385 2741 am
404 2677 598 2741 cautionem
622 2686 657 2742 et
673 2679 910 2757 literatoriam‚
931 2677 1023 2761 quod
1045 2677 1112 2761 ipsi
1134 2696 1198 2741 nec
1216 2696 1281 2760 per

328 2795 367 2839 se
389 2796 453 2841 uec
475 2777 665 2858 paralium
690 2785 812 2841 contra
836 2797 1018 2860 personam
1046 2784 1199 2842 nostram
1222 2778 1280 2842 vel

329 2895 491 2941 coronam
509 2884 663 2942 nostram
678 2878 808 2959 aliquid
824 2879 1058 2955 attentabunt,
1077 2878 1175 2941 nobis
1189 2897 1280 2960 prae-

329 2976 457 3040 dictam
478 2977 528 3041 eis
546 2977 765 3042 securitatem
786 2986 822 3042 et
838 2997 959 3060 pacem
977 2977 1195 3042 servantibus
1214 2977 1280 3041 illi-

328 3077 457 3141 batam.
505 3078 559 3142 De
579 3077 706 3141 ablatis
727 3085 843 3142 autem
865 3079 1003 3160 plenam
1024 3077 1279 3142 restitutionem

329 3177 423 3240 etde
440 3177 575 3241 damnis
593 3178 945 3260 recompensationem
965 3176 1188 3242 sufficientem
1206 3197 1280 3241 om-

329 3277 430 3340 nibus
457 3277 705 3360 impendemus
728 3284 800 3342 tam
825 3277 958 3342 clericis
982 3297 1087 3361 quam
1109 3277 1207 3341 laicis
1232 3278 1279 3341 ad

328 3376 394 3440 hoc
421 3378 597 3459 negotium
620 3379 909 3460 pertingentibus,
933 3398 1002 3442 non
1028 3377 1141 3441 solum
1165 3397 1278 3451 rerum

329 3476 389 3541 sed
408 3478 558 3540 omnium
578 3478 789 3556 libertatum,
810 3485 846 3542 et
863 3478 1042 3542 restitutas
1060 3479 1280 3541 conservabi-

328 3595 405 3640 mus
420 3577 597 3641 libertates
609 3599 617 3657 ;
641 3577 899 3661 archiepiscopo
913 3578 1050 3660 quidem
1065 3584 1101 3642 et
1114 3577 1279 3661 episeopo

330 3675 563 3740 Lincolniensi
585 3697 607 3742 a
629 3686 783 3761 tempore
805 3697 877 3742 suae
897 3666 1178 3755 consecrationis,
1201 3677 1280 3742 aliis

329 3784 445 3841 autem
467 3797 490 3840 a
506 3784 660 3861 tempore
676 3777 863 3842 discordiae
883 3777 1066 3842 inchoatae.
1119 3777 1196 3842 Nec
1216 3779 1279 3842 ob·

327 3878 436 3942 stabit
457 3877 575 3960 aliqua
593 3879 710 3960 pactio
731 3879 788 3944 vel
806 3879 987 3960 promissio
1007 3897 1068 3942 seu
1090 3878 1281 3956 concessio,

328 3997 397 4059 quo
420 3978 534 4041 minus
554 3985 590 4041 et
609 3978 736 4042 damna
762 3985 1065 4063 recompensentur
1086 3985 1120 4042 et
1138 3979 1282 4042 restitu-

327 4083 431 4142 antur
451 4078 570 4142 ablata
586 4085 658 4142 tam
676 4079 834 4149 vivorum
853 4098 957 4163 quam
975 4085 1011 4144 et
1027 4077 1279 4142 defunctorum.

328 4177 404 4242 Nec
424 4178 554 4260 aliquid
577 4179 798 4245 retinebimus
823 4187 997 4262 praetextu
1020 4178 1166 4255 servitii,
1185 4179 1280 4262 quod
