2858 4876
309 392 376 457 298
561 405 695 452 nocnnr
720 404 767 450 ua
793 401 1004 452 wunnovnn.

148 577 270 617 tan-¹2¹⁵·
309 561 467 627 etmulti
490 560 570 640 alii3
602 561 661 624 isti
686 579 806 625 omnes
832 558 1006 642 conjurati
1033 565 1068 623 et
1090 558 1264 622 confoede-

311 664 379 727 rati
402 662 629 744 Stephanum,
646 660 931 725 Cantnariensem
955 658 1263 742 archiepiscopum,

310 762 497 845 capitalem
526 767 792 825 consentaneum
821 761 1025 825 habuerunt.
1087 759 1174 824 Erat
1200 777 1262 823 an-

311 870 381 928 tem
406 882 467 926 rex
489 855 551 926 ¹eo
575 868 729 944 tempore
753 861 846 943 apud
863 859 1037 927 Oxoniam
1060 866 1262 942 magnatum

313 968 520 1045 exspectans
543 960 743 1025 adventum.
796 960 912 1043 Igitur
933 960 987 1024 die
1014 959 1122 1024 Lunae
1144 961 1263 1042 proxi-

312 1083 369 1126 mo
402 1068 483 1144 post
506 1069 650 1126 octavas
680 1059 827 1124 Paschae
849 1062 996 1125 barones
1024 1061 1204 1124 memorati
1225 1059 1261 1122 in

312 1163 396 1227 villa
424 1162 466 1225 de
496 1159 702 1226 Brackeleia
731 1161 860 1243 pariter
882 1166 1137 1240 convenerunt3
1167 1159 1261 1241 qnod

312 1282 391 1326 cnm
430 1269 522 1327 esset
552 1281 573 1325 a
609 1280 690 1342 rege
728 1268 954 1344 compertum,
989 1261 1083 1324 misit
1115 1260 1159 1323 ad
1201 1279 1263 1324 eos

312 1362 607 1444 archiepiscopum
646 1360 932 1427 Cantuariensem
975 1371 1011 1424 et
1046 1359 1261 1425 Willelmum

312 1462 581 1526 Mareschallum
612 1461 770 1525 comitem
803 1460 845 1524 de
877 1460 1047 1537 Penbroc,
1076 1479 1152 1523 cum
1183 1460 1262 1524 aliis

313 1562 517 1644 quibusdam
541 1561 624 1625 viris
654 1560 892 1643 prudentibus,
920 1561 1100 1625 sciscitans
1126 1561 1171 1624 ab
1197 1560 1261 1638 eis,

312 1682 391 1744 quae
417 1665 536 1726 essent
557 1661 653 1742 leges
676 1670 711 1725 et
732 1662 910 1725 libertates
932 1679 1021 1743 quas
1047 1661 1261 1743 quaerebant.

229 1840 230 1843 Ἴ
312 1760 363 1826 At
390 1761 441 1825 illi
475 1761 604 1826 nuntiis
635 1761 824 1843 praelibatis
855 1761 1055 1825 schedulam
1087 1761 1263 1842 quandam

310 1869 552 1945 porrexerunt,
580 1881 659 1944 quae
685 1880 730 1925 ex
755 1868 855 1943 parte
877 1861 1030 1926 maxima
1051 1860 1147 1943 leges
1171 1861 1262 1926 anti-

311 1981 400 2044 quas
432 1969 468 2026 et
494 1962 592 2043 regni
625 1961 891 2041 consuetudines
922 1961 1134 2038 continebat,
1168 1959 1261 2024 affir-

312 2068 446 2125 mantes
468 2062 573 2143 quod,
597 2062 662 2124 nisi
689 2081 750 2125 rex
774 2061 852 2124 illas
882 2061 1109 2125 incontinenti
1138 2080 1262 2125 conce·

313 2162 409 2225 deret
434 2169 469 2225 et
491 2161 597 2243 sigilli
627 2160 814 2225 munimine
845 2161 1075 2237 confirmaret,
1103 2161 1171 2243 ipsi
1201 2181 1264 2244 per

313 2262 507 2344 captionem
531 2268 724 2325 castrorum
752 2280 904 2338 suorum,
929 2268 1097 2325 terrarum
1124 2267 1160 2325 et
1182 2281 1263 2343 pos-

314 2361 517 2439 sessionum,
555 2361 668 2443 ipsnm
709 2380 825 2442 regem
860 2361 1116 2442 compellerent,
1153 2359 1263 2427 donec

313 2481 418 2544 super
451 2461 640 2543 praemissis
670 2460 736 2524 sibi
769 2461 986 2525 satisfaceret
1016 2467 1263 2543 competenter.

313 2562 413 2626 Tunc
440 2561 718 2643 archiepiscopus
740 2579 819 2624 cum
841 2561 944 2624 sociis
967 2560 1039 2625 suis
1063 2560 1264 2625 schedulam

313 2661 408 2725 illam
432 2660 475 2723 ad
498 2681 613 2741 regem
637 2659 793 2725 deferens
813 2660 966 2743 capitula
987 2661 1125 2741 singula
1147 2680 1265 2725 coram

314 2762 390 2843 ipso
415 2760 611 2823 memoriter
638 2760 808 2824 recitavit.
862 2760 942 2824 Rex
964 2768 1092 2836 antem,
1110 2779 1189 2823 cum
1206 2780 1265 2825 ca-

315 2859 503 2943 pitulorum
524 2865 676 2924 tenorem
705 2860 947 2937 intellexisset,
972 2879 1050 2923 cum
1077 2859 1266 2941 indignati-

309 2979 381 3023 one
403 2957 557 3023 maxima
579 2959 760 3023 subridens
783 2960 845 3037 ait,
868 2960 940 3024 ‘Et
957 2979 1065 3042 quare
1087 2978 1165 3023 cum
1188 2960 1265 3026 istis

316 3058 444 3142 iniquis
465 3060 704 3123 exactionibus
729 3061 872 3124 barones
900 3079 969 3124 non
990 3058 1171 3142 postulant
1188 3079 1266 3142 reg-

316 3161 431 3223 numl
498 3158 602 3224 Vana
641 3157 747 3237 sunt,’
780 3160 904 3242 inquit,
937 3164 997 3223 ‘et
1023 3160 1266 3241 superstitiosa

317 3279 395 3342 quae
423 3266 559 3343 petunt,
589 3279 652 3324 nec
678 3260 795 3342 aliquo
824 3260 969 3324 rationis
992 3259 1095 3324 titulo
1115 3259 1266 3324 fulciun-

315 3358 395 3424 tur?
451 3353 668 3425 ²Affirmavit
691 3360 828 3424 tandem
860 3380 938 3423 cum
962 3359 1162 3444 juramento
1184 3359 1266 3424 furi·
1362 3401 1363 3404 κ

315 3460 464 3538 bundnS,
501 3460 592 3543 quod
631 3479 806 3542 nunquam
839 3460 926 3524 tales
962 3459 1031 3524 illis
1062 3460 1268 3525 concederet

315 3559 504 3636 libertates
529 3560 618 3622 unde
647 3560 721 3642 ipse
753 3559 943 3624 efficeretur
975 3579 1108 3624 servus.
1161 3559 1267 3643 Capi-

317 3659 390 3723 tula
409 3679 547 3742 quoqne
571 3660 686 3741 legum
709 3666 743 3724 et
762 3660 973 3737 libertatum,
994 3679 1074 3742 quae
1096 3659 1144 3723 ibi
1167 3679 1267 3743 mag·

353 3833 359 3863 ¹
373 3837 410 3884 Eo
427 3840 531 3899 tempere
552 3837 616 3900 apud
636 3835 779 3900 Ostorium]
842 3833 1022 3902 'Affirmavit.]
1039 3835 1071 3886 In
1081 3836 1124 3886 the
1136 3835 1271 3887 Chronicle

315 3906 382 3955 That
392 3905 460 3955 John
471 3920 525 3955 was
542 3910 569 3954 at
580 3905 678 3954 Oxsord
694 3921 726 3956 on
738 3906 780 3955 the
807 3907 836 3955 of
842 3907 949 3956 Mailros
960 3906 1010 3955 end
1021 3906 1209 3970 theWaverley
1217 3908 1271 3956 An·

319 3977 377 4025 leth
388 3975 463 4038 April
480 3977 506 4023 in
517 3976 568 4024 this
585 3991 647 4037 year
658 3991 697 4024 we
709 3977 780 4025 learn
806 3977 862 4025 nais
873 3977 914 4025 the
932 3976 1022 4026 render
1032 3976 1087 4025 will
1098 3977 1151 4025 find
1162 3976 1205 4027 the
1221 3979 1272 4027 ori·

318 4045 380 4094 from
392 4045 434 4094 the
452 4046 545 4095 Patent
562 4045 650 4107 Rolls;
668 4061 711 4095 see
728 4048 780 4096 Mr.
807 4047 849 4108 gin
869 4046 897 4095 of
917 4047 968 4097 this
991 4047 1101 4109 quarrel,
1118 4050 1161 4095 not
1178 4048 1271 4096 indeed

319 4111 432 4177 Hardy‘s
449 4117 545 4166 Introd.
557 4131 584 4178 p.
595 4117 702 4166 xxxviii.
739 4116 781 4165 On
806 4132 866 4178 very
878 4116 984 4166 difficolt
992 4121 1017 4166 to
1029 4121 1136 4167 account
1147 4117 1194 4183 for,
1206 4118 1270 4179 fully

315 4185 361 4234 the
383 4186 450 4234 22nd
473 4186 504 4235 he
527 4200 581 4235 was
603 4192 630 4236 at
648 4186 690 4236 the
715 4187 781 4236 New
805 4188 907 4237 entered
919 4202 995 4249 upon.

316 4256 429 4317 Temple.
