2858 4876
403 419 542 467 ruoaas
565 420 835 471 nrsrommruu.
1030 410 1095 474 165

142 571 374 655 reclamante3
393 577 466 655 sed,
478 585 664 661 antequam
683 581 864 663 presbyter
874 589 1020 646 vocatus
1033 603 1092 647 ve·
1107 602 1161 641 ao.
1173 604 1223 641 rao

143 670 262 752 nisset,
290 683 402 740 mater
423 680 515 742 circa
542 680 604 743 tilii
636 680 784 744 salutem
807 682 928 745 sedula
950 702 1093 764 puerum

144 771 260 837 vivum
277 778 442 858 repperit,
466 779 648 861 Deumque
671 788 707 844 et
732 782 871 846 beatum
897 782 1094 864 praesulem,

142 872 241 956 cujus
265 877 397 942 meritis
422 880 487 943 hoc
512 881 715 943 miraculum
741 881 971 959 adscribebat,
997 902 1095 965 mag-

143 973 281 1040 nificare
302 997 372 1041 non
394 981 555 1045 cessavit.
608 979 699 1044 Haec
721 1000 834 1062 pauca
850 983 893 1046 dc
911 982 1029 1045 multis
1049 983 1093 1047 da

90 1082 94 1087 ’
141 1073 215 1235 {ita
243 1077 306 1141 viri
332 1077 399 1143 Dei
422 1099 587 1163 expressa
611 1079 748 1145 adalia
773 1083 995 1147 tendentibus
1021 1083 1092 1146 sus-

165 1174 268 1241 ciant.

326 1303 376 1368 Da
390 1306 521 1391 quinque
537 1304 685 1370 lanarum
701 1308 907 1392 apparitione.

190 1426 320 1493 Eodem
337 1450 466 1508 mense,
482 1432 586 1514 paulo
600 1440 681 1496 ante
698 1433 915 1498 nativitatem
933 1433 1090 1498 Domini·
1103 1454 1253 1494 manmena.

140 1545 226 1605 cam,
242 1521 493 1612 ¹apparuerunt
505 1532 547 1596 de
561 1540 662 1596 nocte
675 1533 826 1615 quinque
843 1534 935 1598 lunae
950 1534 986 1598 in
1004 1535 1090 1599 caelo

140 1629 230 1692 circa
246 1630 392 1712 primam
407 1632 563 1713 vigiliam
579 1633 710 1711 noctis3
735 1635 847 1715 prima
871 1635 1034 1716 apparuit
1052 1636 1088 1698 in

140 1729 310 1809 aquilone,
334 1732 486 1795 secunda
507 1733 543 1795 in
563 1733 716 1807 meridie,
732 1735 834 1796 tertia
849 1735 885 1797 in
902 1733 1088 1812 occidente,

139 1836 262 1910 quarta
278 1831 315 1894 in
332 1831 476 1907 oriente,
493 1833 617 1915 quinta
632 1834 795 1916 apparuit
815 1835 851 1897 in
874 1834 986 1898 medio
1012 1833 1089 1898 illa-

138 1949 213 1991 rum
229 1939 380 2013 quatuor
397 1933 568 2007 lunarum,
584 1932 715 1996 babens
729 1952 844 1997 secum
862 1934 982 1997 stellas
1000 1935 1088 1997 mul-

139 2036 204 2107 tas
222 2051 395 2114 quaecum
413 2033 523 2097 stellis
540 2034 613 2097 suis
629 2033 798 2098 circuibat
816 2034 999 2116 quinquies
1013 2027 1087 2098 ²vel

137 2132 284 2213 amplius
301 2131 466 2215 praefatas
478 2140 627 2215 quatuor
640 2134 752 2197 lunas
791 2133 880 2197 Haec
896 2141 1011 2196 autem
1026 2152 1087 2216 ap-

137 2231 275 2312 paritio,
295 2232 413 2298 multis
429 2232 624 2297 videntibus
646 2241 682 2298 et
699 2233 962 2311 admirantibus,
986 2234 1087 2316 quasi

135 2351 196 2413 por
211 2333 364 2414 spatium
380 2333 482 2396 unius
498 2333 593 2397 horae
610 2332 704 2398 facta
720 2340 784 2397 est.

142 2506 184 2572 Ut
199 2528 254 2572 rec
263 2507 436 2595 Aapbrum
449 2518 478 2574 at
494 2509 603 2595 rapina
619 2508 707 2594 uprad
719 2508 929 2572 Cantabriam
944 2529 1086 2572 cormeum

496 2609 706 2695 portaverint.

184 2731 289 2797 Anno
314 2733 438 2815 gratiae
464 2750 563 2797 nom.
589 2726 669 2797 ³rex
690 2732 884 2815 Anglorum
905 2732 929 2797 J
932 2733 1084 2797 ohannes
1097 2752 1153 2842 53¹1?n
1160 2754 1221 2843 331.

135 2834 323 2897 celebravit
349 2833 466 2896 natale
496 2834 638 2897 Domini
665 2834 758 2916 apud
782 2833 999 2911 Guildeford,
1025 2833 1084 2897 ubi
1098 2854 1166 2893 aaa

135 2932 245 2997 multa
264 2933 431 2997 militibus
450 2935 523 2996 suis
549 2933 675 2998 festiva
702 2933 878 2997 distribuit
904 2905 1239 3004 indumen-illidii,

134 3042 189 3113 ta3
207 3032 389 3097 Hubertus
408 3053 499 3110 vero,
516 3032 775 3098 cantuariensis
793 3033 1084 3116 archiepiscopus

134 3134 234 3216 quasi
250 3153 329 3197 cum
348 3153 429 3214 roge
452 3153 474 3196 a
495 3135 571 3215 pari
594 3134 816 3210 contendens,
839 3133 958 3197 eodem
980 3132 1083 3198 modo

133 3231 215 3298 fecit
229 3233 321 3317 apud
340 3232 578 3311 cantuariam,
601 3234 691 3296 unde
719 3232 811 3315 regis
838 3236 989 3297 animum
1012 3253 1083 3297 non

134 3333 351 3399 mediocriter
368 3332 412 3398 ad
428 3333 702 3416 indignationem
717 3335 914 3398 commovit.
947 3333 1083 3398 Deinde

133 3435 169 3498 in
203 3434 558 3499 Northanhumbriam
589 3453 651 3496 rex
687 3433 862 3516 profectus
894 3434 1082 3496 maximam

133 3535 287 3616 pecuniae
313 3553 482 3598 summam
510 3553 532 3596 a
559 3533 905 3616 comprovincialibus
930 3533 1081 3614 regionis

132 3633 225 3697 illius
239 3635 399 3698 extorsit.
445 3634 620 3697 Reversus
637 3634 756 3716 itaque
775 3633 1000 3697 Cantuariam
1017 3652 1081 3696 rex

133 3753 211 3797 cum
233 3733 355 3816 regina
376 3752 452 3810 sua,
468 3726 541 3796 ⁴die
560 3733 706 3797 Paschae
729 3734 887 3816 proximo
904 3740 1081 3814 sequente,

132 3834 288 3898 coronati
311 3840 393 3897 sunt
418 3834 519 3897 ambo
543 3832 690 3913 ibidem;
714 3835 773 3897 ubi
802 3832 1081 3915 archiepiscopus

165 4010 386 4084 ¹Appuruernat‚]
404 4015 446 4065 ‘in
463 4016 593 4078 provincia
651 4006 895 4081 ³ltexdngloram.]
913 4013 980 4061 Ibid.
988 4027 1014 4072 p.
1023 4016 1080 4061 816.

133 4088 288 4137 Eboraeensi
296 4082 311 4147 ς’
329 4087 463 4147 Hoveden,
474 4102 500 4148 p.
511 4091 570 4136 81³.
653 4082 720 4133 ⁴Die
732 4078 858 4149 Paralia]
877 4083 919 4131 (ln
930 4083 972 4131 the
979 4082 1045 4130 least
1055 4081 1085 4128 of

166 4156 231 4209 'Vel
249 4157 383 4223 ampliata]
400 4158 467 4206 ‘Vel
485 4158 568 4206 sexies
577 4151 592 4216 ;‘
618 4155 660 4204 the
677 4154 874 4210 Annunciation,
889 4153 970 4210 ibid.;
989 4152 1034 4199 but
1050 4149 1081 4199 be

129 4229 193 4280 ibid.
619 4220 1081 4287 adds‚the9kal.Apr.,tbe24thMar.
