2858 4876
419 413 558 461 mouns
583 414 852 463 urs‘ronrrnuu.
1054 401 1119 466 321

165 587 247 633 vero
275 576 437 651 apostata
464 570 656 651 diceretur3
689 579 733 648 et,
762 592 838 635 cnm
872 580 1013 655 propter
1040 575 1250 659 ejusA·1›·¹2u.

167 673 238 730 tam
261 668 430 733 diutinam
452 672 644 735 absentiam
668 681 879 754 quaereretur
906 691 928 736 a
947 673 1064 737 multis
1081 684 1116 739 et

166 786 235 830 non
267 767 390 834 fuisset
423 769 597 848 inventus,
632 772 733 834 undis
761 773 874 855 ipsum
900 773 1117 837 crediderunt

163 866 377 931 submersum
404 869 461 934 vel
494 871 562 934 aiio
591 890 808 954 quocumque
838 873 959 936 mortis
990 892 1115 954 genere

165 966 391 1031 subtractum.
432 968 512 1035 Rex
526 978 641 1034 autern
658 972 864 1035 haecomnia
885 992 985 1052 aequo
1002 972 1115 1036 ferens

166 1065 281 1130 animo
304 1069 504 1132 nuntiorum
526 1089 678 1147 suorum,
700 1091 847 1152 quorum
874 1072 1042 1153 quosdam
1069 1072 1114 1135 ad

164 1166 293 1229 curiam
327 1166 534 1246 Romanam,
567 1170 752 1233 nonnullos
787 1177 928 1253 propter
966 1171 1114 1235 militare

164 1266 354 1329 subsidium
367 1268 613 1345 destinaverat,
636 1269 866 1333 desideratum
889 1271 1114 1351 praestolaba-

165 1371 222 1427 tur
237 1366 435 1431 adventum.

178 1555 221 1620 Ut
236 1555 361 1622 barones
375 1559 499 1644 Anqliae
514 1560 559 1622 ad
573 1569 779 1624 toraaarnantu
795 1583 824 1624 se
834 1563 1096 1645 praparaoeriat.

196 1679 351 1744 Berones
365 1683 506 1759 interea,
519 1684 624 1764 quiin
636 1684 720 1746 urbe
733 1684 1002 1761 Londoniarum,
1012 1687 1111 1766 qnasi
1124 1704 1252 1744 rhemon.

163 1786 237 1843 toto
263 1782 404 1863 negotio
427 1783 610 1864 completo,
633 1783 860 1847 condixerunt
884 1784 974 1846 inter
1000 1804 1049 1860 se,
1073 1756 1272 1849 uttiu‘ffim‘iii?

164 1879 255 1961 apud
268 1880 431 1946 Stauford
444 1882 485 1944 ad
501 1884 727 1946 torneamenti
742 1883 861 1945 ludum
876 1883 1110 1961 convenirent,

164 1978 255 2042 unde
273 1980 449 2046 Willelmo
472 1982 514 2044 de
538 1981 705 2046 Albeneio
727 1983 801 2045 viro
827 1982 933 2045 nobili
956 1983 1020 2044 sub
1045 1983 1110 2046 hac

163 2077 275 2142 forma
297 2079 416 2145 literas
434 2082 656 2161 direxerunt;
684 2081 884 2145 ‘Robertus
902 2081 1109 2162 filius-Wal-

164 2178 240 2257 teri,
264 2182 510 2244 mareschallus
528 2183 701 2245 exercitus
718 2182 785 2245 Dei
801 2188 836 2245 et
853 2189 982 2245 sauctae
1001 2182 1110 2245 eccle-

164 2279 238 2356 siae,
265 2281 381 2345 etalii
406 2289 586 2362 magnates
611 2282 763 2364 ejusdem
793 2283 976 2358 exercitus
1004 2280 1111 2344 nobili

163 2379 238 2442 viro
248 2379 423 2443 Willelmo
434 2380 476 2444 de
492 2380 670 2457 Albeneio,
685 2381 844 2444 salutem.
891 2382 986 2444 Bene
1002 2381 1110 2457 scitis,

163 2497 267 2560 qnam
287 2498 450 2561 magnum
466 2481 681 2544 commodum
699 2482 743 2544 sit
761 2481 859 2544 vobis
877 2488 913 2544 et
926 2481 1023 2544 nobis
1040 2501 1112 2544 om-

163 2579 265 2642 nibus
289 2597 428 2644 servare
456 2581 630 2644 civitatem
656 2581 924 2658 Londoniarum,
951 2600 1030 2663 quae
1057 2587 1111 2643 est

163 2679 417 2762 receptaculum
440 2687 608 2756 nostrum,
626 2687 661 2742 et
675 2686 840 2762 quantum
855 2680 1002 2744 dedecus
1019 2688 1111 2743 esset

165 2785 200 2841 et
219 2778 381 2842 damnum
403 2780 513 2856 nobis,
533 2781 562 2842 si
585 2799 644 2861 per
664 2779 833 2842 defectum
857 2788 1013 2843 nostrum
1035 2799 1112 2842 eam

163 2879 409 2944 amitteremus.
445 2880 571 2943 Sciatis
585 2879 690 2942 etiam
706 2880 906 2955 certissime,
918 2880 1009 2962 quod
1022 2898 1111 2960 prae-

166 2979 289 3042 moniti
318 2979 496 3055 fuerimus
527 2979 617 3061 quod
650 2979 789 3060 quidam
816 2986 909 3054 sunt,
937 2980 996 3060 qui
1027 2978 1111 3040 nihil

165 3077 259 3140 aliud
272 3087 489 3160 exspectant,
505 3080 570 3141 nisi
594 3079 685 3159 qnod
709 3079 968 3142 recessissemus
986 3098 1007 3140 a
1027 3079 1111 3141 civi·

165 3184 238 3241 tate
260 3178 437 3260 praedicta,
461 3185 500 3241 ut
525 3179 575 3241 ita
600 3178 715 3241 subito
740 3197 816 3240 eam
845 3185 988 3259 possent
1010 3196 1110 3240 occu·

164 3295 267 3358 pare3
300 3285 335 3341 et
356 3278 434 3341 ideo
464 3298 526 3360 per
554 3297 733 3340 commune
759 3278 940 3340 consilium
972 3276 1111 3357 prolon-

164 3377 322 3457 gavimus
341 3385 627 3454 torneamentum,
644 3377 736 3459 quod
753 3370 920 3458 ¹coeptum
937 3375 1003 3438 suit
1019 3374 1112 3456 apud

165 3474 321 3540 Stansort
337 3477 393 3540 die
412 3478 521 3540 Lunae
544 3478 701 3559 proximo
723 3483 801 3559 post
823 3475 948 3539 festum
974 3482 1113 3557 aposto·

165 3574 277 3638 lorum
294 3576 392 3640 Petri
407 3585 442 3640 et
453 3577 567 3654 Pauli,
579 3596 688 3659 usque
703 3577 745 3639 ad
763 3577 852 3638 diem
870 3575 979 3638 Lunae
995 3574 1113 3656 proxi-

164 3694 260 3738 mum
276 3683 356 3758 post
367 3685 510 3742 octavas
528 3676 723 3758 praedictas.
757 3675 833 3738 Erit
849 3681 966 3738 autem
978 3681 1114 3737 tornea-

165 3783 318 3838 mentum
337 3776 444 3860 juxta
462 3776 656 3839 Londinum
675 3776 710 3837 iu
727 3776 851 3838 bruera
866 3775 908 3837 de
925 3773 1062 3850 Stanes,
1081 3779 1116 3835 et

168 3875 251 3938 villa
282 3876 324 3939 de
359 3875 618 3954 Hundeslawe3
647 3883 681 3938 et
706 3874 771 3939 hoc
799 3873 943 3936 fecimus
976 3880 1116 3955 propter

167 3976 388 4041 securitatem
406 3985 558 4041 nostram
576 3984 611 4041 et
627 3976 847 4042 securitatem
863 3973 1015 4036 civitatis
1030 3990 1118 4054 prae-

433 4179 440 4211 ¹
453 4177 584 4249 Coeptum.]
605 4177 745 4242 ‘Captum'
758 4181 783 4227 in
797 4179 853 4228 MS.

222 4296 300 4343 VOL.
324 4296 379 4344 ill.
946 4298 970 4342 Y
