<?xml version="1.0" encoding="UTF-8"?>
<!DOCTYPE html PUBLIC "-//W3C//DTD XHTML 1.0 Transitional//EN"
    "http://www.w3.org/TR/xhtml1/DTD/xhtml1-transitional.dtd">
<html xmlns="http://www.w3.org/1999/xhtml" xml:lang="en" lang="en">
 <head>
  <title>
</title>
<meta http-equiv="Content-Type" content="text/html;charset=utf-8" />
  <meta name='ocr-system' content='tesseract 3.04.00' />
  <meta name='ocr-capabilities' content='ocr_page ocr_carea ocr_par ocr_line ocrx_word'/>
</head>
<body>
  <div class='ocr_page' id='page_1' title='image "./rogeridewendove06rogegoog_0224.png"; bbox 0 0 2858 4876; ppageno 0'>
   <div class='ocr_carea' id='block_1_1' title="bbox 401 387 1091 452">
    <p class='ocr_par' dir='ltr' id='par_1_1' title="bbox 401 387 1091 452">
     <span class='ocr_line' id='line_1_1' title="bbox 401 387 1091 452; baseline 0.012 -8"><span class='ocrx_word' id='word_1_1' title='bbox 401 397 541 446; x_wconf 79' lang='lat' dir='ltr'>nunnus</span> <span class='ocrx_word' id='word_1_2' title='bbox 564 399 837 449; x_wconf 81' lang='lat' dir='ltr'>nrsronmaun.</span> <span class='ocrx_word' id='word_1_3' title='bbox 1025 387 1091 452; x_wconf 81' lang='grc'>215</span> 
     </span>
    </p>
   </div>
   <div class='ocr_carea' id='block_1_2' title="bbox 138 554 1226 1842">
    <p class='ocr_par' dir='ltr' id='par_1_2' title="bbox 138 554 1226 1842">
     <span class='ocr_line' id='line_1_2' title="bbox 144 554 1226 643; baseline 0.005 -28"><span class='ocrx_word' id='word_1_4' title='bbox 144 557 249 616; x_wconf 89' lang='lat' dir='ltr'>nuum</span> <span class='ocrx_word' id='word_1_5' title='bbox 276 554 461 638; x_wconf 81' lang='lat' dir='ltr'>injectione</span> <span class='ocrx_word' id='word_1_6' title='bbox 482 566 698 623; x_wconf 86' lang='lat' dir='ltr'>recesserunt</span> <span class='ocrx_word' id='word_1_7' title='bbox 719 578 854 637; x_wconf 91' lang='lat' dir='ltr'>omnes,</span> <span class='ocrx_word' id='word_1_8' title='bbox 876 569 1002 643; x_wconf 85' lang='lat' dir='ltr'>praeter</span> <span class='ocrx_word' id='word_1_9' title='bbox 1024 567 1091 624; x_wconf 85' lang='lat' dir='ltr'>tre·</span> <span class='ocrx_word' id='word_1_10' title='bbox 1104 577 1159 619; x_wconf 72' lang='lat' dir='ltr'>nn.</span> <span class='ocrx_word' id='word_1_11' title='bbox 1170 562 1226 619; x_wconf 76' lang='lat'>12&#39;07.</span> 
     </span>
     <span class='ocr_line' id='line_1_3' title="bbox 143 652 1091 742; baseline 0.009 -26"><span class='ocrx_word' id='word_1_12' title='bbox 143 652 252 716; x_wconf 87' lang='lat' dir='ltr'><strong>decim</strong></span> <span class='ocrx_word' id='word_1_13' title='bbox 282 654 565 734; x_wconf 64' lang='lat' dir='ltr'>valetudinarioa</span> <span class='ocrx_word' id='word_1_14' title='bbox 596 661 654 742; x_wconf 92' lang='lat' dir='ltr'>qui</span> <span class='ocrx_word' id='word_1_15' title='bbox 687 660 723 722; x_wconf 95' lang='lat' dir='ltr'>in</span> <span class='ocrx_word' id='word_1_16' title='bbox 749 661 851 725; x_wconf 92' lang='lat' dir='ltr'>domo</span> <span class='ocrx_word' id='word_1_17' title='bbox 878 659 1091 724; x_wconf 90' lang='lat' dir='ltr'>infirmorum</span> 
     </span>
     <span class='ocr_line' id='line_1_4' title="bbox 139 752 1089 843; baseline 0.007 -27"><span class='ocrx_word' id='word_1_18' title='bbox 139 752 298 836; x_wconf 88' lang='lat' dir='ltr'>jacentes</span> <span class='ocrx_word' id='word_1_19' title='bbox 319 755 476 820; x_wconf 83' lang='lat' dir='ltr'>incedere</span> <span class='ocrx_word' id='word_1_20' title='bbox 495 778 564 821; x_wconf 90' lang='lat' dir='ltr'>non</span> <span class='ocrx_word' id='word_1_21' title='bbox 583 760 765 839; x_wconf 82' lang='lat' dir='ltr'>valebant3</span> <span class='ocrx_word' id='word_1_22' title='bbox 789 768 824 825; x_wconf 91' lang='lat' dir='ltr'>et</span> <span class='ocrx_word' id='word_1_23' title='bbox 844 760 1000 843; x_wconf 91' lang='lat' dir='ltr'>protinus</span> <span class='ocrx_word' id='word_1_24' title='bbox 1017 767 1089 824; x_wconf 90' lang='lat' dir='ltr'>tra·</span> 
     </span>
     <span class='ocr_line' id='line_1_5' title="bbox 138 852 1091 936; baseline 0.01 -21"><span class='ocrx_word' id='word_1_25' title='bbox 138 852 224 936; x_wconf 90' lang='lat' dir='ltr'>jecti</span> <span class='ocrx_word' id='word_1_26' title='bbox 236 854 273 917; x_wconf 93' lang='lat' dir='ltr'>in</span> <span class='ocrx_word' id='word_1_27' title='bbox 284 853 481 920; x_wconf 87' lang='lat' dir='ltr'>Flandriam</span> <span class='ocrx_word' id='word_1_28' title='bbox 498 859 533 921; x_wconf 95' lang='lat' dir='ltr'>in</span> <span class='ocrx_word' id='word_1_29' title='bbox 552 859 692 922; x_wconf 86' lang='lat' dir='ltr'>abbatia</span> <span class='ocrx_word' id='word_1_30' title='bbox 706 861 818 924; x_wconf 90' lang='lat' dir='ltr'>sancti</span> <span class='ocrx_word' id='word_1_31' title='bbox 834 861 968 924; x_wconf 89' lang='lat' dir='ltr'>Bertini</span> <span class='ocrx_word' id='word_1_32' title='bbox 982 860 1091 925; x_wconf 92' lang='lat' dir='ltr'>hono-</span> 
     </span>
     <span class='ocr_line' id='line_1_6' title="bbox 143 951 1093 1038; baseline 0.008 -23"><span class='ocrx_word' id='word_1_33' title='bbox 143 951 237 1016; x_wconf 87' lang='lat' dir='ltr'>rifice</span> <span class='ocrx_word' id='word_1_34' title='bbox 262 957 393 1038; x_wconf 84' lang='lat' dir='ltr'>recepti</span> <span class='ocrx_word' id='word_1_35' title='bbox 418 964 499 1021; x_wconf 90' lang='lat' dir='ltr'>sunt</span> <span class='ocrx_word' id='word_1_36' title='bbox 520 959 612 1022; x_wconf 91' lang='lat' dir='ltr'>etin</span> <span class='ocrx_word' id='word_1_37' title='bbox 637 959 715 1023; x_wconf 90' lang='lat' dir='ltr'>aliis</span> <span class='ocrx_word' id='word_1_38' title='bbox 740 961 956 1025; x_wconf 89' lang='lat' dir='ltr'>monasteriis</span> <span class='ocrx_word' id='word_1_39' title='bbox 978 967 1093 1024; x_wconf 88' lang='lat' dir='ltr'>trans·</span> 
     </span>
     <span class='ocr_line' id='line_1_7' title="bbox 143 1053 1090 1141; baseline 0.01 -26"><span class='ocrx_word' id='word_1_40' title='bbox 143 1053 296 1118; x_wconf 85' lang='lat' dir='ltr'>marinis.</span> <span class='ocrx_word' id='word_1_41' title='bbox 348 1056 494 1133; x_wconf 90' lang='lat' dir='ltr'>Deinde,</span> <span class='ocrx_word' id='word_1_42' title='bbox 512 1057 659 1140; x_wconf 92' lang='lat' dir='ltr'>jubente</span> <span class='ocrx_word' id='word_1_43' title='bbox 683 1080 776 1141; x_wconf 85' lang='lat' dir='ltr'>rege,</span> <span class='ocrx_word' id='word_1_44' title='bbox 802 1061 981 1124; x_wconf 91' lang='lat' dir='ltr'>substituti</span> <span class='ocrx_word' id='word_1_45' title='bbox 1008 1067 1090 1124; x_wconf 92' lang='lat' dir='ltr'>sunt</span> 
     </span>
     <span class='ocr_line' id='line_1_8' title="bbox 141 1151 1091 1245; baseline 0.011 -31"><span class='ocrx_word' id='word_1_46' title='bbox 141 1151 177 1215; x_wconf 94' lang='lat' dir='ltr'>in</span> <span class='ocrx_word' id='word_1_47' title='bbox 193 1153 339 1218; x_wconf 88' lang='lat' dir='ltr'>ecclesia</span> <span class='ocrx_word' id='word_1_48' title='bbox 351 1153 592 1222; x_wconf 88' lang='lat' dir='ltr'>Cantuariensi</span> <span class='ocrx_word' id='word_1_49' title='bbox 609 1160 769 1223; x_wconf 86' lang='lat' dir='ltr'>monachi</span> <span class='ocrx_word' id='word_1_50' title='bbox 781 1159 922 1245; x_wconf 88' lang='lat' dir='ltr'>quidam</span> <span class='ocrx_word' id='word_1_51' title='bbox 939 1160 981 1224; x_wconf 91' lang='lat' dir='ltr'>de</span> <span class='ocrx_word' id='word_1_52' title='bbox 993 1179 1091 1225; x_wconf 89' lang='lat' dir='ltr'>sano-</span> 
     </span>
     <span class='ocr_line' id='line_1_9' title="bbox 143 1250 1091 1338; baseline 0.008 -22"><span class='ocrx_word' id='word_1_53' title='bbox 143 1258 179 1317; x_wconf 90' lang='lat' dir='ltr'>to</span> <span class='ocrx_word' id='word_1_54' title='bbox 206 1250 405 1335; x_wconf 83' lang='lat' dir='ltr'>Augustino</span> <span class='ocrx_word' id='word_1_55' title='bbox 427 1256 471 1320; x_wconf 91' lang='lat' dir='ltr'>ad</span> <span class='ocrx_word' id='word_1_56' title='bbox 494 1258 757 1323; x_wconf 87' lang='lat' dir='ltr'>ministrandum</span> <span class='ocrx_word' id='word_1_57' title='bbox 779 1260 917 1338; x_wconf 87' lang='lat' dir='ltr'>ibidem,</span> <span class='ocrx_word' id='word_1_58' title='bbox 936 1260 1091 1324; x_wconf 87' lang='lat' dir='ltr'>Fulcone</span> 
     </span>
     <span class='ocr_line' id='line_1_10' title="bbox 143 1351 1089 1437; baseline 0.011 -23"><span class='ocrx_word' id='word_1_59' title='bbox 143 1351 288 1435; x_wconf 86' lang='lat' dir='ltr'>praefato</span> <span class='ocrx_word' id='word_1_60' title='bbox 309 1365 529 1437; x_wconf 82' lang='lat' dir='ltr'>procurante,</span> <span class='ocrx_word' id='word_1_61' title='bbox 551 1358 620 1423; x_wconf 92' lang='lat' dir='ltr'>imo</span> <span class='ocrx_word' id='word_1_62' title='bbox 644 1360 759 1423; x_wconf 88' lang='lat' dir='ltr'>omnia</span> <span class='ocrx_word' id='word_1_63' title='bbox 783 1362 874 1424; x_wconf 92' lang='lat' dir='ltr'>hona</span> <span class='ocrx_word' id='word_1_64' title='bbox 904 1360 1089 1424; x_wconf 89' lang='lat' dir='ltr'>eorundem</span> 
     </span>
     <span class='ocr_line' id='line_1_11' title="bbox 141 1453 1090 1538; baseline 0.007 -23"><span class='ocrx_word' id='word_1_65' title='bbox 141 1453 387 1518; x_wconf 88' lang='lat' dir='ltr'>monachorum</span> <span class='ocrx_word' id='word_1_66' title='bbox 418 1456 630 1523; x_wconf 85' lang='lat' dir='ltr'>distrahente</span> <span class='ocrx_word' id='word_1_67' title='bbox 671 1467 707 1524; x_wconf 95' lang='lat' dir='ltr'>et</span> <span class='ocrx_word' id='word_1_68' title='bbox 734 1458 955 1538; x_wconf 89' lang='lat' dir='ltr'>confiscante,</span> <span class='ocrx_word' id='word_1_69' title='bbox 989 1461 1090 1524; x_wconf 89' lang='lat' dir='ltr'>terris</span> 
     </span>
     <span class='ocr_line' id='line_1_12' title="bbox 143 1553 1090 1639; baseline 0.007 -23"><span class='ocrx_word' id='word_1_70' title='bbox 143 1558 212 1616; x_wconf 88' lang='lat' dir='ltr'>tam</span> <span class='ocrx_word' id='word_1_71' title='bbox 227 1553 478 1639; x_wconf 81' lang='lat' dir='ltr'>archiepiscopi</span> <span class='ocrx_word' id='word_1_72' title='bbox 494 1577 598 1639; x_wconf 89' lang='lat' dir='ltr'>quam</span> <span class='ocrx_word' id='word_1_73' title='bbox 616 1559 860 1624; x_wconf 85' lang='lat' dir='ltr'>monachorum</span> <span class='ocrx_word' id='word_1_74' title='bbox 883 1561 1090 1624; x_wconf 90' lang='lat' dir='ltr'>remanenti-</span> 
     </span>
     <span class='ocr_line' id='line_1_13' title="bbox 141 1651 1090 1743; baseline 0.006 -27"><span class='ocrx_word' id='word_1_75' title='bbox 141 1651 205 1716; x_wconf 90' lang='lat' dir='ltr'>bus</span> <span class='ocrx_word' id='word_1_76' title='bbox 219 1652 371 1720; x_wconf 87' lang='lat' dir='ltr'>incultis.</span> <span class='ocrx_word' id='word_1_77' title='bbox 407 1657 579 1722; x_wconf 85' lang='lat' dir='ltr'>Exierunt</span> <span class='ocrx_word' id='word_1_78' title='bbox 593 1666 708 1724; x_wconf 86' lang='lat' dir='ltr'>autem</span> <span class='ocrx_word' id='word_1_79' title='bbox 724 1659 883 1724; x_wconf 91' lang='lat' dir='ltr'>monachi</span> <span class='ocrx_word' id='word_1_80' title='bbox 898 1679 991 1743; x_wconf 84' lang='lat' dir='ltr'>saepe</span> <span class='ocrx_word' id='word_1_81' title='bbox 1008 1660 1090 1724; x_wconf 93' lang='lat' dir='ltr'>dicti</span> 
     </span>
     <span class='ocr_line' id='line_1_14' title="bbox 142 1750 1029 1842; baseline 0.011 -28"><span class='ocrx_word' id='word_1_82' title='bbox 142 1750 185 1816; x_wconf 87' lang='lat' dir='ltr'>de</span> <span class='ocrx_word' id='word_1_83' title='bbox 201 1756 409 1820; x_wconf 90' lang='lat' dir='ltr'>monasterio</span> <span class='ocrx_word' id='word_1_84' title='bbox 424 1776 489 1821; x_wconf 90' lang='lat' dir='ltr'>suo</span> <span class='ocrx_word' id='word_1_85' title='bbox 505 1758 541 1821; x_wconf 94' lang='lat' dir='ltr'>in</span> <span class='ocrx_word' id='word_1_86' title='bbox 557 1759 699 1823; x_wconf 82' lang='lat' dir='ltr'>exilium</span> <span class='ocrx_word' id='word_1_87' title='bbox 716 1760 824 1842; x_wconf 85' lang='lat' dir='ltr'>pridie</span> <span class='ocrx_word' id='word_1_88' title='bbox 837 1760 915 1824; x_wconf 91' lang='lat' dir='ltr'>idus</span> <span class='ocrx_word' id='word_1_89' title='bbox 927 1758 952 1824; x_wconf 84' lang='lat' dir='ltr'>J</span> <span class='ocrx_word' id='word_1_90' title='bbox 955 1760 1029 1824; x_wconf 91' lang='lat' dir='ltr'>ulii.</span> 
     </span>
    </p>
   </div>
   <div class='ocr_carea' id='block_1_3' title="bbox 53 1926 1257 3731">
    <p class='ocr_par' dir='ltr' id='par_1_3' title="bbox 188 1926 1060 2018">
     <span class='ocr_line' id='line_1_15' title="bbox 188 1926 1060 2018; baseline 0.008 -28"><span class='ocrx_word' id='word_1_91' title='bbox 188 1926 230 1991; x_wconf 83' lang='lat' dir='ltr'>Ut</span> <span class='ocrx_word' id='word_1_92' title='bbox 244 1948 299 1992; x_wconf 79' lang='lat' dir='ltr'>roc</span> <span class='ocrx_word' id='word_1_93' title='bbox 313 1929 486 2014; x_wconf 62' lang='lat' dir='ltr'>Amabam</span> <span class='ocrx_word' id='word_1_94' title='bbox 502 1931 608 1996; x_wconf 71' lang='lat' dir='ltr'>literas</span> <span class='ocrx_word' id='word_1_95' title='bbox 623 1932 871 1997; x_wconf 77' lang='lat' dir='ltr'>comminatorius</span> <span class='ocrx_word' id='word_1_96' title='bbox 885 1933 1060 2018; x_wconf 79' lang='lat' dir='ltr'>adpopum</span> 
     </span>
    </p>

    <p class='ocr_par' dir='ltr' id='par_1_4' title="bbox 53 2031 1257 3731">
     <span class='ocr_line' id='line_1_16' title="bbox 430 2031 682 2096; baseline 0.004 -1"><span class='ocrx_word' id='word_1_97' title='bbox 430 2058 432 2062; x_wconf 94' lang='lat'>·</span> <span class='ocrx_word' id='word_1_98' title='bbox 554 2031 682 2096; x_wconf 78' lang='lat' dir='ltr'>miserit.</span> 
     </span>
     <span class='ocr_line' id='line_1_17' title="bbox 53 2142 1180 2232; baseline 0 -15"><span class='ocrx_word' id='word_1_99' title='bbox 53 2142 57 2147; x_wconf 68' lang='grc'><strong>’</strong></span> <span class='ocrx_word' id='word_1_100' title='bbox 145 2176 150 2225; x_wconf 80' lang='lat'>3·</span> <span class='ocrx_word' id='word_1_101' title='bbox 166 2180 170 2187; x_wconf 65' lang='grc'>’</span> <span class='ocrx_word' id='word_1_102' title='bbox 195 2152 358 2218; x_wconf 86' lang='lat' dir='ltr'>Exclusis</span> <span class='ocrx_word' id='word_1_103' title='bbox 374 2154 438 2219; x_wconf 93' lang='lat' dir='ltr'>hoc</span> <span class='ocrx_word' id='word_1_104' title='bbox 453 2155 573 2219; x_wconf 91' lang='lat' dir='ltr'>ordine</span> <span class='ocrx_word' id='word_1_105' title='bbox 583 2153 761 2219; x_wconf 89' lang='lat' dir='ltr'>monachis</span> <span class='ocrx_word' id='word_1_106' title='bbox 771 2154 1092 2232; x_wconf 85' lang='lat' dir='ltr'>Cantuariensibus,</span> <span class='ocrx_word' id='word_1_107' title='bbox 1106 2177 1180 2218; x_wconf 73' lang='lat' dir='ltr'>soso.</span> 
     </span>
     <span class='ocr_line' id='line_1_18' title="bbox 145 2232 1221 2339; baseline 0.001 -23"><span class='ocrx_word' id='word_1_108' title='bbox 145 2272 207 2316; x_wconf 85' lang='lat' dir='ltr'>rex</span> <span class='ocrx_word' id='word_1_109' title='bbox 223 2251 419 2339; x_wconf 85' lang='lat' dir='ltr'>Angiorum</span> <span class='ocrx_word' id='word_1_110' title='bbox 433 2253 458 2319; x_wconf 85' lang='lat' dir='ltr'>J</span> <span class='ocrx_word' id='word_1_111' title='bbox 461 2254 614 2319; x_wconf 90' lang='lat' dir='ltr'>ohannes</span> <span class='ocrx_word' id='word_1_112' title='bbox 637 2255 681 2319; x_wconf 87' lang='lat' dir='ltr'>ad</span> <span class='ocrx_word' id='word_1_113' title='bbox 704 2274 830 2337; x_wconf 88' lang='lat' dir='ltr'>papam</span> <span class='ocrx_word' id='word_1_114' title='bbox 852 2255 992 2318; x_wconf 89' lang='lat' dir='ltr'>nuntios</span> <span class='ocrx_word' id='word_1_115' title='bbox 1014 2274 1092 2318; x_wconf 91' lang='lat' dir='ltr'>cum</span> <span class='ocrx_word' id='word_1_116' title='bbox 1105 2232 1221 2327; x_wconf 48' lang='grc' dir='ltr'>31ἔῖῖὶἔῖ</span> 
     </span>
     <span class='ocr_line' id='line_1_19' title="bbox 144 2328 1257 2437; baseline 0.003 -22"><span class='ocrx_word' id='word_1_117' title='bbox 144 2350 253 2416; x_wconf 90' lang='lat' dir='ltr'>literis</span> <span class='ocrx_word' id='word_1_118' title='bbox 277 2353 416 2431; x_wconf 85' lang='lat' dir='ltr'>direxit,</span> <span class='ocrx_word' id='word_1_119' title='bbox 441 2354 621 2437; x_wconf 91' lang='lat' dir='ltr'>inquibus</span> <span class='ocrx_word' id='word_1_120' title='bbox 641 2374 803 2437; x_wconf 83' lang='lat' dir='ltr'>expresse</span> <span class='ocrx_word' id='word_1_121' title='bbox 824 2361 858 2418; x_wconf 93' lang='lat' dir='ltr'>et</span> <span class='ocrx_word' id='word_1_122' title='bbox 878 2354 978 2436; x_wconf 86' lang='lat' dir='ltr'>quasi</span> <span class='ocrx_word' id='word_1_123' title='bbox 999 2373 1093 2418; x_wconf 88' lang='lat' dir='ltr'>com·</span> <span class='ocrx_word' id='word_1_124' title='bbox 1105 2328 1257 2378; x_wconf 56' lang='lat' dir='ltr'>‘mm&#39;</span> 
     </span>
     <span class='ocr_line' id='line_1_20' title="bbox 143 2452 1095 2537; baseline 0.002 -22"><span class='ocrx_word' id='word_1_125' title='bbox 143 2452 307 2523; x_wconf 82' lang='lat' dir='ltr'>minando</span> <span class='ocrx_word' id='word_1_126' title='bbox 331 2453 445 2537; x_wconf 91' lang='lat' dir='ltr'>ipsum</span> <span class='ocrx_word' id='word_1_127' title='bbox 473 2455 653 2536; x_wconf 80' lang='lat' dir='ltr'>arguebat,</span> <span class='ocrx_word' id='word_1_128' title='bbox 680 2455 785 2537; x_wconf 90' lang='lat' dir='ltr'>quod,</span> <span class='ocrx_word' id='word_1_129' title='bbox 810 2454 976 2518; x_wconf 88' lang='lat' dir='ltr'>electione</span> <span class='ocrx_word' id='word_1_130' title='bbox 1003 2452 1038 2517; x_wconf 93' lang='lat' dir='ltr'>N</span> <span class='ocrx_word' id='word_1_131' title='bbox 1041 2474 1095 2518; x_wconf 89' lang='lat' dir='ltr'>or-</span> 
     </span>
     <span class='ocr_line' id='line_1_21' title="bbox 146 2552 1094 2638; baseline -0.001 -21"><span class='ocrx_word' id='word_1_132' title='bbox 146 2552 304 2618; x_wconf 82' lang='lat' dir='ltr'>wi&#39;cansis</span> <span class='ocrx_word' id='word_1_133' title='bbox 335 2553 487 2637; x_wconf 91' lang='lat' dir='ltr'>episcopi</span> <span class='ocrx_word' id='word_1_134' title='bbox 517 2555 665 2637; x_wconf 91' lang='lat' dir='ltr'>turpiter</span> <span class='ocrx_word' id='word_1_135' title='bbox 698 2554 847 2638; x_wconf 88' lang='lat' dir='ltr'>repulsa,</span> <span class='ocrx_word' id='word_1_136' title='bbox 881 2553 1094 2636; x_wconf 84' lang='lat' dir='ltr'>Stephanum</span> 
     </span>
     <span class='ocr_line' id='line_1_22' title="bbox 146 2652 1095 2736; baseline 0.001 -20"><span class='ocrx_word' id='word_1_137' title='bbox 146 2652 318 2734; x_wconf 85' lang='lat' dir='ltr'>quendam</span> <span class='ocrx_word' id='word_1_138' title='bbox 340 2653 383 2717; x_wconf 89' lang='lat' dir='ltr'>de</span> <span class='ocrx_word' id='word_1_139' title='bbox 402 2653 618 2736; x_wconf 84' lang='lat' dir='ltr'>Langetune,</span> <span class='ocrx_word' id='word_1_140' title='bbox 640 2654 705 2717; x_wconf 89' lang='lat' dir='ltr'>sibi</span> <span class='ocrx_word' id='word_1_141' title='bbox 728 2655 865 2736; x_wconf 90' lang='lat' dir='ltr'>penitus</span> <span class='ocrx_word' id='word_1_142' title='bbox 884 2655 1041 2735; x_wconf 86' lang='lat' dir='ltr'>ignotum</span> <span class='ocrx_word' id='word_1_143' title='bbox 1060 2661 1095 2717; x_wconf 88' lang='lat' dir='ltr'>et</span> 
     </span>
     <span class='ocr_line' id='line_1_23' title="bbox 145 2751 1095 2835; baseline 0 -19"><span class='ocrx_word' id='word_1_144' title='bbox 145 2752 183 2816; x_wconf 92' lang='lat' dir='ltr'>in</span> <span class='ocrx_word' id='word_1_145' title='bbox 210 2771 319 2834; x_wconf 79' lang='lat' dir='ltr'>regno</span> <span class='ocrx_word' id='word_1_146' title='bbox 342 2751 555 2818; x_wconf 87' lang='lat' dir='ltr'>Francorum</span> <span class='ocrx_word' id='word_1_147' title='bbox 578 2755 670 2817; x_wconf 89' lang='lat' dir='ltr'>inter</span> <span class='ocrx_word' id='word_1_148' title='bbox 689 2755 807 2818; x_wconf 89' lang='lat' dir='ltr'>hostes</span> <span class='ocrx_word' id='word_1_149' title='bbox 836 2772 918 2817; x_wconf 89' lang='lat' dir='ltr'>suos</span> <span class='ocrx_word' id='word_1_150' title='bbox 940 2753 1095 2835; x_wconf 90' lang='lat' dir='ltr'>publicos</span> 
     </span>
     <span class='ocr_line' id='line_1_24' title="bbox 144 2850 1095 2931; baseline 0 -15"><span class='ocrx_word' id='word_1_151' title='bbox 144 2850 337 2917; x_wconf 88' lang='lat' dir='ltr'>diutissime</span> <span class='ocrx_word' id='word_1_152' title='bbox 369 2860 622 2931; x_wconf 88' lang='lat' dir='ltr'>conversatum,</span> <span class='ocrx_word' id='word_1_153' title='bbox 652 2853 781 2919; x_wconf 88' lang='lat' dir='ltr'>fecerat</span> <span class='ocrx_word' id='word_1_154' title='bbox 804 2854 841 2917; x_wconf 95' lang='lat' dir='ltr'>in</span> <span class='ocrx_word' id='word_1_155' title='bbox 867 2852 1095 2917; x_wconf 88' lang='lat' dir='ltr'>Cantuarien·</span> 
     </span>
     <span class='ocr_line' id='line_1_25' title="bbox 145 2951 1096 3035; baseline 0.001 -21"><span class='ocrx_word' id='word_1_156' title='bbox 145 2969 216 3015; x_wconf 89' lang='lat' dir='ltr'>sem</span> <span class='ocrx_word' id='word_1_157' title='bbox 238 2951 534 3035; x_wconf 86' lang='lat' dir='ltr'>archiepiscopum</span> <span class='ocrx_word' id='word_1_158' title='bbox 556 2953 772 3033; x_wconf 85' lang='lat' dir='ltr'>consecrari3</span> <span class='ocrx_word' id='word_1_159' title='bbox 801 2960 848 3031; x_wconf 92' lang='lat' dir='ltr'>et,</span> <span class='ocrx_word' id='word_1_160' title='bbox 868 2953 961 3034; x_wconf 90' lang='lat' dir='ltr'>quod</span> <span class='ocrx_word' id='word_1_161' title='bbox 984 2954 1096 3034; x_wconf 82' lang='lat' dir='ltr'>magis</span> 
     </span>
     <span class='ocr_line' id='line_1_26' title="bbox 142 3050 1095 3135; baseline 0.002 -21"><span class='ocrx_word' id='word_1_162' title='bbox 142 3050 183 3115; x_wconf 89' lang='lat' dir='ltr'>in</span> <span class='ocrx_word' id='word_1_163' title='bbox 198 3050 436 3135; x_wconf 85' lang='lat' dir='ltr'>praejudicium</span> <span class='ocrx_word' id='word_1_164' title='bbox 448 3060 483 3117; x_wconf 87' lang='lat' dir='ltr'>et</span> <span class='ocrx_word' id='word_1_165' title='bbox 492 3054 751 3118; x_wconf 84' lang='lat' dir='ltr'>subversionem</span> <span class='ocrx_word' id='word_1_166' title='bbox 767 3054 965 3117; x_wconf 88' lang='lat' dir='ltr'>libertatum</span> <span class='ocrx_word' id='word_1_167' title='bbox 979 3051 1022 3115; x_wconf 88' lang='lat' dir='ltr'>ad</span> <span class='ocrx_word' id='word_1_168' title='bbox 1037 3071 1095 3116; x_wconf 91' lang='lat' dir='ltr'>co-</span> 
     </span>
     <span class='ocr_line' id='line_1_27' title="bbox 71 3152 1095 3236; baseline 0 -22"><span class='ocrx_word' id='word_1_169' title='bbox 71 3211 73 3214; x_wconf 84' lang='grc'><em>,</em></span> <span class='ocrx_word' id='word_1_170' title='bbox 147 3170 268 3215; x_wconf 89' lang='lat' dir='ltr'>ronam</span> <span class='ocrx_word' id='word_1_171' title='bbox 293 3171 393 3216; x_wconf 84' lang='lat' dir='ltr'>suam</span> <span class='ocrx_word' id='word_1_172' title='bbox 418 3154 648 3236; x_wconf 88' lang='lat' dir='ltr'>spectantium</span> <span class='ocrx_word' id='word_1_173' title='bbox 677 3152 858 3230; x_wconf 89' lang='lat' dir='ltr'>redundat,</span> <span class='ocrx_word' id='word_1_174' title='bbox 880 3152 989 3234; x_wconf 92' lang='lat' dir='ltr'>ipsius</span> <span class='ocrx_word' id='word_1_175' title='bbox 1013 3171 1095 3216; x_wconf 92' lang='lat' dir='ltr'>con·</span> 
     </span>
     <span class='ocr_line' id='line_1_28' title="bbox 146 3251 1095 3337; baseline -0.001 -22"><span class='ocrx_word' id='word_1_176' title='bbox 146 3269 251 3315; x_wconf 87' lang='lat' dir='ltr'>sensu</span> <span class='ocrx_word' id='word_1_177' title='bbox 260 3271 282 3316; x_wconf 87' lang='lat' dir='ltr'>a</span> <span class='ocrx_word' id='word_1_178' title='bbox 296 3252 485 3330; x_wconf 89' lang='lat' dir='ltr'>monachis,</span> <span class='ocrx_word' id='word_1_179' title='bbox 502 3254 562 3336; x_wconf 91' lang='lat' dir='ltr'>qui</span> <span class='ocrx_word' id='word_1_180' title='bbox 575 3253 672 3316; x_wconf 92' lang='lat' dir='ltr'>illum</span> <span class='ocrx_word' id='word_1_181' title='bbox 687 3252 882 3337; x_wconf 88' lang='lat' dir='ltr'>postulasse</span> <span class='ocrx_word' id='word_1_182' title='bbox 895 3251 1095 3329; x_wconf 89' lang='lat' dir='ltr'>debuerant,</span> 
     </span>
     <span class='ocr_line' id='line_1_29' title="bbox 146 3352 1095 3435; baseline 0.003 -22"><span class='ocrx_word' id='word_1_183' title='bbox 146 3370 210 3416; x_wconf 85' lang='lat' dir='ltr'>nec</span> <span class='ocrx_word' id='word_1_184' title='bbox 241 3352 307 3415; x_wconf 86' lang='lat' dir='ltr'>rite</span> <span class='ocrx_word' id='word_1_185' title='bbox 339 3353 517 3435; x_wconf 90' lang='lat' dir='ltr'>requisito,</span> <span class='ocrx_word' id='word_1_186' title='bbox 549 3353 692 3417; x_wconf 91' lang='lat' dir='ltr'>eundem</span> <span class='ocrx_word' id='word_1_187' title='bbox 724 3352 938 3434; x_wconf 89' lang='lat' dir='ltr'>Stephanum</span> <span class='ocrx_word' id='word_1_188' title='bbox 968 3359 1095 3416; x_wconf 90' lang='lat' dir='ltr'>temere</span> 
     </span>
     <span class='ocr_line' id='line_1_30' title="bbox 144 3450 1096 3535; baseline 0.001 -22"><span class='ocrx_word' id='word_1_189' title='bbox 144 3470 349 3535; x_wconf 84' lang='lat' dir='ltr'>promovere</span> <span class='ocrx_word' id='word_1_190' title='bbox 375 3453 621 3535; x_wconf 82' lang='lat' dir='ltr'>praesumpsit3</span> <span class='ocrx_word' id='word_1_191' title='bbox 653 3453 744 3516; x_wconf 92' lang='lat' dir='ltr'>unde</span> <span class='ocrx_word' id='word_1_192' title='bbox 770 3452 946 3515; x_wconf 88' lang='lat' dir='ltr'>asserebat</span> <span class='ocrx_word' id='word_1_193' title='bbox 968 3471 1006 3515; x_wconf 87' lang='lat' dir='ltr'>se</span> <span class='ocrx_word' id='word_1_194' title='bbox 1023 3450 1096 3514; x_wconf 87' lang='lat' dir='ltr'>suf-</span> 
     </span>
     <span class='ocr_line' id='line_1_31' title="bbox 144 3549 1096 3635; baseline 0 -22"><span class='ocrx_word' id='word_1_195' title='bbox 144 3549 302 3614; x_wconf 85' lang='lat' dir='ltr'>-hcientcr</span> <span class='ocrx_word' id='word_1_196' title='bbox 319 3551 479 3615; x_wconf 85' lang='lat' dir='ltr'>admirari</span> <span class='ocrx_word' id='word_1_197' title='bbox 501 3571 570 3615; x_wconf 91' lang='lat' dir='ltr'>non</span> <span class='ocrx_word' id='word_1_198' title='bbox 585 3571 699 3634; x_wconf 90' lang='lat' dir='ltr'>posse,</span> <span class='ocrx_word' id='word_1_199' title='bbox 713 3552 804 3635; x_wconf 92' lang='lat' dir='ltr'>quod</span> <span class='ocrx_word' id='word_1_200' title='bbox 821 3559 893 3615; x_wconf 91' lang='lat' dir='ltr'>tam</span> <span class='ocrx_word' id='word_1_201' title='bbox 915 3552 989 3633; x_wconf 90' lang='lat' dir='ltr'>ipse</span> <span class='ocrx_word' id='word_1_202' title='bbox 1004 3569 1096 3634; x_wconf 87' lang='lat' dir='ltr'>papa</span> 
     </span>
     <span class='ocr_line' id='line_1_32' title="bbox 146 3651 1096 3731; baseline -0.001 -18"><span class='ocrx_word' id='word_1_203' title='bbox 146 3667 250 3731; x_wconf 86' lang='lat' dir='ltr'>quam</span> <span class='ocrx_word' id='word_1_204' title='bbox 268 3651 430 3716; x_wconf 83' lang='lat' dir='ltr'>universa</span> <span class='ocrx_word' id='word_1_205' title='bbox 447 3653 550 3715; x_wconf 86' lang='lat' dir='ltr'>curia-</span> <span class='ocrx_word' id='word_1_206' title='bbox 558 3652 718 3716; x_wconf 86' lang='lat' dir='ltr'>Romana</span> <span class='ocrx_word' id='word_1_207' title='bbox 740 3652 781 3715; x_wconf 92' lang='lat' dir='ltr'>ad</span> <span class='ocrx_word' id='word_1_208' title='bbox 806 3651 1004 3714; x_wconf 89' lang='lat' dir='ltr'>memoriam</span> <span class='ocrx_word' id='word_1_209' title='bbox 1027 3669 1096 3713; x_wconf 91' lang='lat' dir='ltr'>non</span> 
     </span>
    </p>
   </div>
   <div class='ocr_carea' id='block_1_4' title="bbox 141 3749 1097 3834">
    <p class='ocr_par' dir='ltr' id='par_1_5' title="bbox 141 3749 1097 3834">
     <span class='ocr_line' id='line_1_33' title="bbox 141 3749 1097 3834; baseline -0.001 -21"><span class='ocrx_word' id='word_1_210' title='bbox 141 3749 314 3815; x_wconf 87' lang='lat' dir='ltr'>reducunt</span> <span class='ocrx_word' id='word_1_211' title='bbox 327 3751 364 3814; x_wconf 93' lang='lat' dir='ltr'>in</span> <span class='ocrx_word' id='word_1_212' title='bbox 381 3759 549 3834; x_wconf 90' lang='lat' dir='ltr'>quantum</span> <span class='ocrx_word' id='word_1_213' title='bbox 572 3751 648 3834; x_wconf 92' lang='lat' dir='ltr'>ejus</span> <span class='ocrx_word' id='word_1_214' title='bbox 670 3752 808 3817; x_wconf 91' lang='lat' dir='ltr'>dilectio</span> <span class='ocrx_word' id='word_1_215' title='bbox 833 3751 1001 3814; x_wconf 88' lang='lat' dir='ltr'>Romanae</span> <span class='ocrx_word' id='word_1_216' title='bbox 1023 3749 1097 3812; x_wconf 89' lang='lat' dir='ltr'>sedi</span> 
     </span>
    </p>
   </div>
   <div class='ocr_carea' id='block_1_5' title="bbox 41 3848 1098 3928">
    <p class='ocr_par' dir='ltr' id='par_1_6' title="bbox 41 3848 1098 3928">
     <span class='ocr_line' id='line_1_34' title="bbox 41 3848 1098 3928; baseline 0 -16"><span class='ocrx_word' id='word_1_217' title='bbox 41 3902 53 3921; x_wconf 83' lang='grc'><strong>,</strong></span> <span class='ocrx_word' id='word_1_218' title='bbox 147 3848 252 3914; x_wconf 84' lang='lat' dir='ltr'>fuerit</span> <span class='ocrx_word' id='word_1_219' title='bbox 276 3850 444 3915; x_wconf 87' lang='lat' dir='ltr'>hactenus</span> <span class='ocrx_word' id='word_1_220' title='bbox 466 3852 672 3928; x_wconf 87' lang='lat' dir='ltr'>neccssaria,</span> <span class='ocrx_word' id='word_1_221' title='bbox 695 3853 731 3915; x_wconf 91' lang='lat' dir='ltr'>in</span> <span class='ocrx_word' id='word_1_222' title='bbox 755 3850 820 3914; x_wconf 92' lang='lat' dir='ltr'>hoc</span> <span class='ocrx_word' id='word_1_223' title='bbox 842 3850 987 3914; x_wconf 88' lang='lat' dir='ltr'>rationis</span> <span class='ocrx_word' id='word_1_224' title='bbox 1016 3869 1098 3913; x_wconf 89' lang='lat' dir='ltr'>ocu·</span> 
     </span>
    </p>
   </div>
   <div class='ocr_carea' id='block_1_6' title="bbox 142 3947 1097 4234">
    <p class='ocr_par' dir='ltr' id='par_1_7' title="bbox 142 3947 1097 4234">
     <span class='ocr_line' id='line_1_35' title="bbox 142 3947 1096 4034; baseline -0.001 -22"><span class='ocrx_word' id='word_1_225' title='bbox 142 3947 219 4012; x_wconf 83' lang='lat' dir='ltr'>ium</span> <span class='ocrx_word' id='word_1_226' title='bbox 237 3970 308 4014; x_wconf 92' lang='lat' dir='ltr'>non</span> <span class='ocrx_word' id='word_1_227' title='bbox 321 3950 480 4032; x_wconf 82' lang='lat' dir='ltr'>figentes,</span> <span class='ocrx_word' id='word_1_228' title='bbox 495 3952 588 4034; x_wconf 93' lang='lat' dir='ltr'>quod</span> <span class='ocrx_word' id='word_1_229' title='bbox 605 3951 779 4015; x_wconf 90' lang='lat' dir='ltr'>uberiores</span> <span class='ocrx_word' id='word_1_230' title='bbox 794 3951 858 4014; x_wconf 94' lang='lat' dir='ltr'>sibi</span> <span class='ocrx_word' id='word_1_231' title='bbox 876 3950 1007 4014; x_wconf 84' lang='lat' dir='ltr'>fructus</span> <span class='ocrx_word' id='word_1_232' title='bbox 1022 3969 1096 4031; x_wconf 90' lang='lat' dir='ltr'>per-</span> 
     </span>
     <span class='ocr_line' id='line_1_36' title="bbox 146 4049 1097 4134; baseline -0.003 -22"><span class='ocrx_word' id='word_1_233' title='bbox 146 4049 290 4113; x_wconf 82' lang='lat' dir='ltr'>veniant</span> <span class='ocrx_word' id='word_1_234' title='bbox 312 4050 355 4114; x_wconf 88' lang='lat' dir='ltr'>de</span> <span class='ocrx_word' id='word_1_235' title='bbox 379 4071 485 4133; x_wconf 80' lang='lat' dir='ltr'>regno</span> <span class='ocrx_word' id='word_1_236' title='bbox 509 4071 572 4115; x_wconf 91' lang='lat' dir='ltr'>suo</span> <span class='ocrx_word' id='word_1_237' title='bbox 594 4049 732 4132; x_wconf 83' lang='lat' dir='ltr'>Angliae</span> <span class='ocrx_word' id='word_1_238' title='bbox 750 4069 851 4134; x_wconf 90' lang='lat' dir='ltr'>quam</span> <span class='ocrx_word' id='word_1_239' title='bbox 872 4050 915 4113; x_wconf 91' lang='lat' dir='ltr'>de</span> <span class='ocrx_word' id='word_1_240' title='bbox 938 4050 1097 4112; x_wconf 90' lang='lat' dir='ltr'>omnibus</span> 
     </span>
     <span class='ocr_line' id='line_1_37' title="bbox 147 4148 1097 4234; baseline -0.001 -24"><span class='ocrx_word' id='word_1_241' title='bbox 147 4148 346 4231; x_wconf 84' lang='lat' dir='ltr'>regionibus</span> <span class='ocrx_word' id='word_1_242' title='bbox 357 4151 444 4216; x_wconf 88' lang='lat' dir='ltr'>citra</span> <span class='ocrx_word' id='word_1_243' title='bbox 459 4150 569 4234; x_wconf 78' lang='lat' dir='ltr'>Alpes</span> <span class='ocrx_word' id='word_1_244' title='bbox 587 4151 796 4216; x_wconf 89' lang='lat' dir='ltr'>constitutis.</span> <span class='ocrx_word' id='word_1_245' title='bbox 820 4149 929 4215; x_wconf 89' lang='lat' dir='ltr'>Addit</span> <span class='ocrx_word' id='word_1_246' title='bbox 945 4150 1097 4230; x_wconf 90' lang='lat' dir='ltr'>insuper,</span> 
     </span>
    </p>
   </div>
   <div class='ocr_carea' id='block_1_7' title="bbox 0 0 1439 4876">
    <p class='ocr_par' dir='ltr' id='par_1_8' title="bbox 0 0 1439 4876">
     <span class='ocr_line' id='line_1_38' title="bbox 0 0 1439 4876; baseline 0 0"><span class='ocrx_word' id='word_1_247' title='bbox 0 0 1439 4876; x_wconf 95' lang='lat' dir='ltr'> </span> 
     </span>
    </p>
   </div>
  </div>
 </body>
</html>
