2858 4876
420 400 559 449 rnoans
578 400 850 450 ,nrsronraaura
1063 389 1107 454 57

164 559 212 621 lia
234 558 325 639 regis
348 557 391 621 ad
408 557 501 622 viam
525 578 709 642 perquam
734 561 846 624 nuntii
867 560 919 624 illi
938 560 1109 625 reversuri
1122 582 1245 623 nonna

165 665 265 721 erant
292 665 393 721 caute
412 658 605 723 insidiando
630 660 872 742 progreditur3
895 667 1109 724 revertentes

165 757 304 820 nuntios
335 758 604 840 comprehendit,
629 758 893 842 comprehensos
919 760 992 841 regi
1018 778 1109 843 prae-

164 857 327 933 sentavit,
349 877 495 939 quorum
517 877 624 921 unum
647 879 709 922 rex
734 859 771 922 in
800 866 896 922 arcto
919 878 1049 941 ponens
1075 867 1111 923 et

165 955 294 1020 diutius
308 982 311 987 ’
326 964 493 1038 torquens
524 958 652 1034 omnia,
684 978 763 1040 quae
794 959 873 1022 duci
904 958 1109 1022 Salaadinus
1175 960 1177 965 ’

166 1057 404 1120 transmiserat
423 1057 480 1120 vel
502 1056 739 1134 mandaverat,
760 1057 891 1122 invitus
914 1057 1109 1123 confitetur.

165 1154 305 1219 Amotis
337 1162 453 1219 autern
484 1157 614 1220 nuntiis
645 1175 687 1220 ae
720 1175 845 1220 aurora
876 1157 1110 1234 illucescente,

166 1254 249 1317 fecit
271 1275 334 1317 rex
358 1255 518 1318 accersiri
537 1255 657 1319 ducem
683 1263 719 1319 et
746 1256 976 1338 patriarcham
1005 1263 1111 1338 atque

166 1353 314 1436 priorem
347 1353 390 1417 de
421 1354 625 1435 Bethleem;
656 1356 781 1437 quibus
809 1356 845 1418 in
874 1355 951 1420 loco
978 1362 1111 1419 secreto

168 1453 341 1530 adunatis,
376 1454 534 1535 protinus
564 1455 601 1517 in
633 1474 751 1519 eornm
789 1456 975 1536 praesentia
1008 1474 1113 1538 super

167 1561 307 1617 sanctas
338 1553 502 1635 reliquias
527 1554 674 1637 juravit,
705 1573 743 1617 se
773 1560 933 1636 paratum
963 1554 1112 1618 existere
1204 1551 1207 1558 '

168 1672 247 1715 cum
274 1653 429 1717 exercitu
460 1672 525 1716 suo
556 1653 651 1717 adire
676 1660 712 1717 et
740 1653 1022 1736 Hierosolymam
1053 1673 1112 1716 ex-

169 1772 324 1834 pugnare
364 1772 406 1816 ae
438 1752 614 1817 civitatem
649 1753 800 1830 Baruch,
829 1753 904 1816 sine
942 1772 1012 1835 qua
1048 1773 1111 1816 rex

169 1851 509 1933 Hierosolymitanus
535 1854 692 1916 coronari
713 1872 782 1916 non
801 1858 929 1935 potest,
951 1853 1042 1916 sicut
1063 1852 1112 1915 in-

168 1961 221 2014 ter
251 1971 310 2015 eos
340 1951 416 2034 jam
446 1951 559 2015 facere
587 1952 811 2016 decreverant
848 1959 883 2015 et
911 1951 1111 2035 juramento

168 2051 282 2114 fuerat
299 2051 550 2115 confirmatum.
604 2050 760 2132 Cumque
777 2071 840 2113 rex
852 2050 1018 2132 jurasset,
1033 2051 1114 2114 hor·

170 2157 264 2213 tatur
280 2157 322 2212 ut
341 2149 414 2212 dux
437 2150 547 2213 simile
564 2149 799 2232 juramentum
817 2156 1020 2231 praestaret3
1044 2168 1113 2231 quo

168 2250 353 2323 abnuente,
376 2247 556 2311 confestim
579 2268 642 2311 rex
663 2249 768 2312 nimio
790 2248 906 2311 surore
928 2266 1114 2312 succensus

170 2347 371 2411 traditorem
401 2365 478 2410 eum
501 2346 666 2428 appellat,
691 2346 932 2429 exprobrando
959 2348 992 2411 ei
1015 2347 1114 2412 varia

169 2466 313 2510 munera
336 2465 414 2528 quae
439 2464 460 2508 a
484 2446 669 2510 Salaadino
698 2454 908 2528 susceperat,
934 2455 969 2511 et
991 2447 1033 2510 de
1054 2466 1113 2511 oe·

170 2547 273 2610 cultis
288 2546 429 2622 nuntiis,
445 2564 533 2627 quos
551 2546 595 2609 ad
612 2547 760 2610 invicem
777 2547 955 2623 miserant,
970 2552 1005 2610 et
1016 2565 1113 2608 man-

170 2646 272 2728 datio.
317 2646 417 2709 Duce
439 2653 555 2709 autem
576 2645 652 2709 haec
673 2646 789 2710 omnia
810 2647 983 2709 abnuente
1005 2652 1041 2709 et
1054 2645 1114 2709 de·

169 2746 343 2822 tendente,
376 2745 541 2826 praecepit
569 2764 633 2809 rex
661 2752 701 2809 ut
731 2745 844 2808 nuntii
871 2744 935 2821 illi,
961 2764 1049 2826 quos
1077 2745 1115 2807 in

170 2847 229 2910 via
264 2844 465 2926 explorator
500 2852 649 2926 ceperat,
681 2845 718 2908 in
748 2864 865 2907 eorum
895 2844 1114 2926 praesentiam

169 2945 395 3022 ducerentur;
429 2962 574 3025 eumque
601 2944 788 3007 introducti
816 2943 963 3006 fuissent
984 2951 1020 3007 et
1041 2962 1115 3006 om-

169 3044 229 3108 nia
251 3044 320 3107 illis
345 3050 480 3106 secreta
505 3042 749 3119 denudassent,
771 3043 937 3124 praecepit
960 3061 1024 3106 rex
1046 3061 1114 3106 ser-

170 3145 224 3208 vis
245 3144 329 3220 soie,
355 3143 454 3206 utin
472 3150 659 3223 conspectu
684 3142 792 3205 totius
815 3141 987 3205 exercitus
1009 3141 1115 3223 sagit-

170 3250 284 3308 tarent
298 3261 370 3319 eoS,
384 3248 531 3323 utroque
545 3241 700 3304 exercitu
714 3259 854 3304 causam
871 3248 980 3305 tantae
994 3241 1115 3304 crude-

171 3343 281 3405 litatis
309 3341 503 3422 ignorante,
528 3346 589 3403 aut
614 3339 697 3421 quid
721 3341 873 3421 egissent
896 3340 961 3404 viri
986 3341 1038 3402 illi
1059 3339 1117 3404 vel

172 3442 262 3504 unde
278 3441 465 3504 venissent.
517 3438 602 3501 Dux
619 3447 733 3503 autern
752 3440 906 3521 proditor
926 3439 1115 3520 deprehen-

173 3559 244 3615 sus,
274 3539 447 3621 nimioque
480 3537 610 3620 pudore
641 3538 805 3603 confusus
832 3545 867 3602 et
896 3537 1010 3601 surore
1037 3557 1115 3601 suo-

173 3657 308 3713 censuS,
342 3657 420 3700 cum
462 3637 616 3701 exercitu
658 3638 870 3702 Francorum
911 3638 1116 3720 quantocius

88 3812 89 3818 ἵ
174 3739 240 3802 iter
256 3744 383 3802 versus
394 3735 517 3800 Achon
535 3738 702 3821 arripuit;
726 3737 786 3801 sed
808 3737 873 3801 hoc
893 3756 1036 3800 cernens
1053 3757 1113 3803 rex
1199 3746 1202 3753 ⁴

176 3837 371 3902 Riehardus
395 3836 594 3900 custodibus
615 3838 766 3902 civitatis
789 3836 980 3914 mandavit,
999 3844 1039 3901 ut
1058 3856 1118 3900 ne-

173 3938 298 4001 minem
323 3956 441 3999 eorum
466 3937 595 4000 intrare
621 3938 881 4020 permitterent;
909 3936 1021 4001 atilli
1045 3944 1117 4000 ten-

174 4037 264 4101 toria
280 4055 345 4100 sua
361 4043 463 4100 extra
480 4037 599 4100 urbem
615 4044 815 4121 posuerunt.
