2858 4876
175 559 230 599 Μ).
241 559 297 599 1207.

334 370 401 439 216
574 385 708 434 noeunr
732 385 780 432 nn
803 384 1024 433 wannovnn

336 543 427 628 quod
451 562 513 626 pro
534 543 752 624 libertatibus
776 562 913 608 coronae
936 560 1009 606 suae
1036 541 1155 619 stabit,
1180 537 1210 603 si
1228 560 1289 604 ne-

336 663 432 709 cesse
446 643 562 721 fuerit,
577 662 687 726 usque
704 643 748 707 ad
765 650 909 708 mortem
923 663 932 723 ;
955 641 1218 705 immutabiliter
1234 639 1288 704 af-

336 744 489 821 firmans,
512 762 549 807 se
565 762 635 807 non
658 762 760 825 posse
783 744 826 807 ab
850 742 1016 807 electione
1031 740 1134 805 sirnul
1157 748 1192 805 et
1207 759 1288 823 pro-

336 843 487 908 motione
511 842 746 908 Norwicensis
769 843 934 925 episcopi,
958 861 1061 925 quam
1078 841 1146 905 sibi
1167 841 1293 910 utilem¹

335 943 509 1025 intelligit,
524 944 691 1008 revocari.
732 943 888 1006 Tandem
911 942 1042 1024 negotii
1061 960 1231 1005 summam
1251 940 1289 1003 in

336 1042 402 1107 hoc
422 1043 602 1118 conclusit,
631 1042 736 1126 quod,
759 1042 789 1106 si
811 1043 853 1106 de
876 1042 1064 1124 praemissis
1089 1039 1290 1105 non'suerit

337 1143 535 1221 exauditus,
552 1143 709 1207 omnibus
728 1143 877 1207 Romam
900 1142 1096 1224 petentibus
1113 1141 1219 1205 maris
1236 1159 1291 1204 se-

337 1243 441 1307 mitas
456 1243 669 1325 angustabit,
679 1241 767 1326 [ne,]
781 1249 874 1307 terra
888 1261 952 1306 sua
966 1242 1096 1306 divitiis
1106 1247 1289 1317 evacuata,

336 1344 412 1425 ipse
428 1343 542 1406 minus
560 1343 603 1406 ad
626 1342 743 1407 hostes
767 1344 810 1406 ab
828 1362 871 1407 ea
885 1342 1107 1426 depellendos
1122 1339 1289 1419 sufficiat3

338 1449 374 1506 et
391 1461 468 1506 cum
491 1441 751 1525 archiepiscopi,
774 1443 927 1526 episcopi
943 1450 978 1507 et
992 1441 1052 1506 alii
1066 1440 1289 1506 ecclesiarum

339 1542 487 1624 praelati,
501 1549 573 1606 tam
588 1541 631 1606 de
650 1562 757 1624 regno
772 1540 912 1624 Angliae
930 1561 1034 1625 quarn
1056 1541 1203 1605 aliarum
1219 1547 1290 1604 ter·

338 1660 454 1705 rarum
464 1661 617 1720 suarum,
626 1643 662 1706 in
673 1642 824 1706 omnium
839 1643 1061 1706 scientiarum
1076 1640 1291 1725 plenitudine

340 1740 548 1810 sufficienter
571 1741 759 1820 abundent,
782 1743 811 1806 si
832 1743 1020 1806 necessitas
1042 1740 1206 1823 coegerit,
1228 1737 1292 1803 ex'·

341 1848 397 1905 tra
419 1848 530 1906 terras
552 1860 633 1906 suas
651 1841 825 1926 justitiam
847 1843 903 1906 vel
919 1842 1089 1926 judicium
1109 1842 1153 1904 ab
1172 1840 1292 1904 alieni-

342 1942 440 2023 genis
463 1960 532 2005 non
555 1942 793 2007 emendicabit.
833 1941 989 2025 Cumque
1011 1941 1085 2006 haec
1107 1937 1224 2006 omnia
1246 1939 1291 2003 ad

342 2041 471 2105 domini
490 2061 591 2124 papae
617 2040 826 2106 audientiam
847 2063 909 2125 per
933 2042 1024 2123 regis
1051 2042 1190 2105 nuntios
1212 2061 1290 2124 per·

265 2173 267 2176 ⁴
340 2142 528 2219 venissent,
542 2143 616 2224 regi
630 2140 825 2224 Anglorum
841 2143 1017 2226 rescripsit
1029 2143 1066 2205 in
1081 2141 1156 2206 haec
1165 2141 1290 2220 verba;
1392 2132 1396 2143 '

341 2384 346 2392 ,
412 2313 609 2399 Rescriptum
624 2297 848 2401 donlalpopae
861 2316 907 2380 ad
920 2337 1017 2402 repam
1033 2292 1218 2402 duplorum.
1282 2291 1287 2297 ¹

180 2453 341 2495 secondletter.
393 2433 652 2503 ‘Innocentius¹
671 2441 865 2526 episcopus,
882 2460 1003 2507 servus
1017 2441 1194 2506 servornm
1211 2440 1293 2518 Dei,

179 2505 204 2544 or
210 2505 246 2544 the
254 2514 314 2555 pope.

342 2539 519 2603 carissimo
549 2541 585 2603 in
609 2540 748 2606 Christo
778 2542 850 2606 filio
874 2540 1041 2620 Johanni,
1069 2541 1197 2604 illustri
1217 2538 1292 2604 An-

342 2639 476 2720 glorum
498 2640 584 2722 regi,
609 2641 757 2706 salutem
782 2649 818 2706 et
832 2642 1058 2725 apostolicam
1084 2640 1295 2705 benedictio-

341 2758 432 2802 nem.
486 2737 573 2802 Cum
591 2759 695 2822 super
708 2742 848 2823 negotio
861 2739 1121 2806 Cantuariensis
1137 2739 1293 2805 ecclesiae

343 2857 407 2903 nos
435 2839 496 2902 tibi
528 2840 766 2922 scripserimus
793 2840 980 2918 humiliter,
1008 2840 1202 2922 diligenter,
1231 2841 1294 2904 be-

343 2939 449 3020 nigne
464 2937 681 3004 exhortando
701 2947 736 3004 et
754 2941 921 3022 rogando,
943 2949 983 3006 tu
1004 2940 1115 3018 nobiS,
1136 2947 1176 3003 ut
1194 2940 1296 3005 salva

344 3056 430 3120 pace
451 3043 513 3101 tua
537 3038 673 3121 loquar,
693 3040 900 3123 rescripsisti
925 3041 1025 3123 quasi
1052 3039 1295 3105 comminando

345 3142 381 3199 et
392 3138 634 3219 exprobrando
648 3141 897 3204 contumaciter
912 3147 947 3204 et
960 3146 1120 3222 proterve
1134 3160 1143 3220 3
1168 3146 1295 3204 etcum

346 3255 409 3299 nos
432 3236 495 3299 tibi
517 3257 624 3321 supra
640 3238 701 3322 jus
719 3239 850 3309 deferre
873 3259 1044 3317 curemus,
1060 3247 1099 3304 tu
1121 3240 1221 3304 nobis
1241 3259 1297 3304 se·

346 3334 497 3400 cundum
514 3337 575 3420 jus
591 3337 724 3403 deferre
746 3360 814 3404 non
836 3359 950 3417 curas,
972 3340 1086 3403 minus
1109 3358 1212 3424 quam
1235 3339 1296 3404 de·

346 3441 440 3501 ceret
461 3436 663 3517 attendens3
690 3439 782 3520 quod
805 3440 834 3503 si
860 3447 922 3504 tua
941 3440 1041 3504 nobis
1056 3439 1196 3504 devotio
1216 3440 1295 3523 plu-

346 3537 470 3599 rimum
486 3543 539 3600 est
552 3539 759 3616 necessaria,
777 3547 896 3604 nostra
917 3547 1032 3604 tamen
1053 3540 1117 3604 tibi
1141 3558 1211 3603 non
1233 3559 1296 3623 pa·

346 3654 422 3698 rum
440 3641 493 3698 est
504 3645 711 3720 opportuna.
749 3638 905 3724 Cumque
919 3662 982 3706 nos
995 3642 1032 3705 in
1048 3640 1111 3705 tali
1125 3658 1209 3705 casn
1221 3647 1296 3705 tan-

348 3741 421 3797 tum
439 3733 602 3800 honorem
626 3738 713 3801 nulli
735 3740 926 3822 principum
948 3740 1170 3803 detulerimus
1188 3760 1297 3823 quan-

335 3841 421 3905 ,tum
452 3835 526 3912 tibi,
558 3842 596 3898 tu
631 3845 749 3902 nostro
780 3845 914 3903 tantum
946 3839 1113 3921 derogare
1145 3839 1297 3904 attendis
1380 3888 1388 3905 ,

339 3933 482 4010 -honori,
505 3943 675 4017 quantum
699 3939 735 4001 in
756 3937 859 4001 simili
884 3958 967 4002 casu
994 3939 1110 4002 nullus
1136 3939 1298 4023 princeps

546 4161 552 4190 ¹
563 4161 736 4226 Innocentium]
758 4166 861 4230 Rymer,
871 4181 928 4216 new
939 4166 1001 4217 edit.
1013 4181 1040 4229 p.
1051 4171 1094 4218 97.
