2858 4876
336 401 402 467 278
591 418 723 467 noonnr
748 419 794 465 nn
817 417 1025 467 wuunovnu

174 591 296 633 nanu.
337 594 444 659 quum
459 572 598 656 Angliae
620 574 766 637 abusum
782 573 824 638 de
844 574 1001 656 personis
1020 575 1133 638 minus
1152 573 1288 639 idoneis

337 675 511 739 celebrare
552 675 797 756 praesumpsit3
835 673 1020 738 nonnullos
1049 694 1131 738 vero
1161 674 1290 739 diversi

337 773 480 851 ordinis,
497 793 560 856 pro
580 773 782 855 gravamine
805 773 988 838 manifesto
1011 774 1055 837 ad
1076 773 1287 838 audientiam

315 890 318 895 ·
337 874 462 937 summi
479 873 650 956 pontificis
666 872 896 955 appellantes,
918 891 1106 956 suspensos
1128 873 1173 937 ad
1196 875 1288 937 curi-

338 993 394 1038 am
418 973 614 1038 Romanam
643 971 848 1050 destinavit,
878 971 1003 1055 quibus
1040 992 1078 1037 se
1112 973 1198 1038 adeo
1235 975 1289 1036 in·

337 1072 524 1137 humanum
551 1071 720 1150 exhibuit,
744 1071 837 1154 quod
863 1071 906 1136 de
929 1073 1033 1136 rebus
1054 1073 1202 1156 propriis
1225 1093 1289 1137 nec

337 1173 476 1255 quidem
493 1173 671 1237 denarium
689 1190 795 1235 unum
812 1172 857 1235 ad
872 1190 1045 1255 expensas
1061 1172 1195 1236 itineris
1210 1193 1290 1255 por-

336 1280 412 1337 tare
436 1273 603 1356 permisit.
649 1271 872 1337 Parochiales
896 1273 1039 1355 insuper
1063 1272 1227 1338 ecclesias
1253 1273 1291 1336 in

337 1372 423 1437 locis
453 1373 599 1437 diversis
629 1379 794 1436 vacantes
831 1371 966 1437 clericis
996 1373 1084 1436 suis
1100 1372 1289 1451 distribuit,

337 1480 562 1555 patronorum
596 1490 766 1536 consensu
800 1472 939 1536 minime
973 1473 1158 1555 requisit03
1197 1473 1290 1537 unde

338 1573 524 1636 multorum
550 1571 824 1637 maledictionem
853 1590 917 1654 pro
947 1572 1185 1636 benedictione
1206 1592 1289 1655 pro·

338 1671 472 1746 meruit,
503 1671 587 1734 dum
605 1671 779 1755 justitiam
804 1671 840 1734 in
864 1671 1039 1756 injuriam,
1058 1671 1229 1756 judicium
1250 1673 1288 1734 in

338 1769 587 1855 praejudicium,
606 1771 844 1836 commutavit.

401 1947 451 2010 De
465 1945 670 2032 appellatione
687 1945 923 2012 cantuariense
935 1944 1158 2033 archiepiscopi
1163 1967 1228 2031 pro

511 2045 704 2110 ordinatione
717 2046 897 2110 uacantium
912 2044 1117 2111 ecchaiaram.

177 2186 299 2227 nunu.
389 2166 494 2232 Anno
523 2167 665 2232 Domini
684 2184 838 2232 uocxrv,
856 2186 920 2231 rex
940 2165 1133 2250 Anglorum
1155 2167 1292 2233 Joban-

340 2286 402 2331 nes
418 2267 461 2330 ad
480 2265 609 2331 Natale
625 2268 757 2331 curiam
773 2273 872 2330 suam
895 2267 1008 2332 tenuit
1025 2267 1119 2349 apud
1135 2268 1294 2333 Windle·

307 2434 309 2436 ,
339 2367 470 2445 shores,
493 2368 552 2431 ubi
578 2367 688 2431 multa
702 2374 904 2448 magnatum
920 2387 1061 2432 suorum
1077 2368 1292 2432 multitudini

177 2483 308 2534 archatum>
339 2467 462 2532 festiva
483 2467 657 2532 distribuit
673 2466 887 2530 indumenta.
939 2467 1075 2530 Deinde
1096 2475 1176 2550 post
1192 2475 1291 2533 octa-

177 2535 327 2634 {tillido
339 2587 402 2632 vas
426 2567 631 2650 Epiphaniae
653 2573 888 2631 convenerunt
910 2565 1002 2649 apud
1024 2567 1291 2649 Dunestapliam

176 2634 306 2725 ma
339 2666 547 2749 Stephanus,
558 2666 819 2730 cantuariensis
828 2665 1119 2749 archiepiscopus,
1129 2686 1206 2730 cum
1218 2668 1292 2731 suis

339 2764 580 2846 suffraganeis
607 2771 646 2829 ut
669 2766 712 2829 de
733 2765 883 2848 negotiis
905 2765 1059 2830 ecclesiae
1084 2765 1293 2848 Anglicanaa

334 2870 530 2937 ¹tractarent
544 2865 689 2946 ibidem3
709 2867 854 2930 moleste
868 2865 958 2928 enim
972 2885 1079 2948 supra
1092 2866 1231 2930 modum
1243 2867 1293 2932 le·

340 2965 473 3042 rebant,
488 2965 580 3046 quod
597 2965 736 3046 legatus
750 2985 844 3047 saepe
858 2965 983 3042 dictus,
997 2973 1037 3029 ut
1051 2965 1292 3049 praediximus,

338 3063 407 3127 illis
423 3064 639 3142 inconsultis,
656 3065 760 3147 regiis
775 3065 896 3130 favens
909 3064 1158 3142 voluntatibus,
1176 3065 1212 3129 in
1235 3086 1292 3130 ec-

340 3163 454 3227 clesiis
473 3164 678 3228 vacantibus
693 3165 858 3248 praelatos
875 3165 989 3229 minus
1007 3162 1214 3229 sufficientes
1230 3185 1294 3248 po-

340 3271 458 3327 suerat
474 3264 665 3329 intrusione
682 3266 794 3347 magis
809 3283 913 3347 quam
928 3265 1096 3330 canonica
1111 3264 1292 3330 electione.

340 3361 509 3440 Tandem,
533 3363 715 3428 cumhinc
741 3364 821 3428 inde
835 3365 932 3429 varia
951 3371 1044 3428 sorte
1069 3372 1294 3444 tractassent,

341 3462 619 3546 archiepiscopus
640 3463 901 3528 Cantuariensis
924 3463 1010 3529 duos
1032 3463 1176 3528 clericos
1198 3466 1294 3548 apud

342 3562 534 3627 Burtonam
549 3582 654 3646 super
668 3563 796 3626 flumen
810 3563 952 3638 Trante,
968 3564 1028 3627 ubi
1050 3570 1133 3627 tunc
1154 3563 1293 3645 legatus

341 3670 428 3740 erat,
446 3662 551 3739 misit,
566 3663 626 3745 qni
641 3663 751 3726 eidem
772 3682 816 3725 ex
838 3669 939 3747 parte
960 3661 1091 3726 domini
1107 3662 1293 3729 Cantuari-

341 3763 435 3826 ensis
462 3762 667 3845 interposita
698 3762 933 3846 appellatione
961 3762 1222 3844 prohibuerunt,
1249 3784 1293 3828 ne

342 3868 462 3925 contra
479 3861 683 3944 dignitatem
699 3881 810 3940 suam,
826 3861 871 3925 ad
882 3881 987 3944 quam
997 3862 1169 3927 ordinatio
1182 3863 1293 3926 eccle-

342 3961 470 4025 siarum
500 3981 573 4025 suae
593 3961 740 4025 diocesis
762 3961 805 4025 de
820 3960 901 4045 jure
916 3963 1109 4045 spectabat,
1127 3960 1292 4045 praelatos

341 4060 378 4123 in
409 4061 563 4124 ecclesiis
596 4062 802 4126 vacantibus
836 4062 1020 4127 instituere
1055 4071 1291 4145 praesumeret.

343 4159 496 4242 Legatus
521 4180 659 4243 quoque
675 4161 898 4245 appellationi
918 4163 1022 4229 factae
1041 4183 1109 4228 non
1134 4160 1292 4227 deserens
