2858 4876
411 396 549 444 uuouns
574 397 843 448 ursroamnuu.
1037 383 1103 448 269

154 553 211 618 Ad
237 573 325 638 quas
352 555 586 638 blasphemias
613 557 731 620 fideles
759 558 895 621 accensi
920 566 956 622 et
982 566 1103 622 contn-
1118 573 1172 613 aa.
1183 573 1240 613 121³·

153 653 264 718 meliis
287 656 480 738 provocati,
502 656 603 738 quasi
628 658 692 720 sub
712 657 815 721 trium
839 657 1002 722 horarum
1022 677 1103 741 spa·
1116 625 1242 765 {unffi

153 755 214 832 tio,
237 754 370 819 fossata
391 763 497 838 atque
515 776 632 820 muros
650 765 721 821 tam
744 765 904 839 potenter
919 777 1023 841 quam
1040 759 1106 822 mi·
1146 725 1251 774 ugano.

153 854 319 932 rabiliter,
341 855 428 920 duce
452 855 616 933 Domino,
636 857 933 921 transcenderunt.
991 857 1106 941 Capta

153 954 271 1037 itaque
303 955 458 1032 civitate,
490 956 567 1038 ipso
599 956 653 1019 die
683 957 833 1038 spoliata
862 965 898 1020 et
926 976 1104 1036 succensa,

153 1053 246 1118 facta
276 1062 330 1119 est
355 1055 487 1120 ultione
519 1055 638 1120 divina
669 1076 713 1120 ex
742 1056 938 1120 infidelibus
968 1065 1105 1138 strages

154 1155 328 1234 maxima3
360 1155 403 1219 de
429 1154 609 1220 catholicis
635 1175 729 1232 vero,
754 1164 915 1221 servante
940 1156 1104 1236 Domino,

154 1253 353 1335 paucissimi
385 1255 596 1320 ceciderunt.
657 1255 803 1320 Exactis
833 1258 951 1340 itaque
979 1257 1105 1321 ibidem

154 1353 274 1419 diebus
296 1355 429 1437 paucis,
454 1374 533 1418 cum
556 1375 673 1419 rumor
693 1356 782 1420 tanti
804 1356 961 1420 miraculi
982 1356 1106 1420 diffun-

154 1453 293 1519 deretur
314 1474 377 1537 per
394 1462 534 1533 terram,
554 1456 738 1537 dissipavit
759 1456 857 1519 Deus
879 1464 960 1520 ante
982 1456 1105 1520 faciem

155 1573 256 1619 cruce
281 1554 510 1636 signatorum,
531 1556 632 1638 quasi
657 1555 731 1618 sine
750 1557 813 1634 eis,
831 1555 910 1620 illos
930 1557 990 1638 qui
1012 1556 1106 1620 blas-

154 1652 403 1736 phemaverant
424 1674 550 1720 nomen
573 1663 608 1720 et
627 1655 740 1736 legem
765 1656 861 1739 ejus;
884 1675 994 1738 usque
1017 1655 1105 1721 adeo

155 1761 270 1818 autem
293 1753 447 1819 deterriti
471 1753 612 1820 suerunt
628 1756 814 1837 pravitatis
836 1755 1008 1820 haereticae
1031 1775 1108 1821 sec-

155 1860 298 1931 tatoreS,
328 1862 368 1918 ut
390 1853 435 1917 ad
462 1855 631 1919 montium
657 1854 803 1920 latibula
834 1855 1005 1936 fugientes
1031 1875 1107 1921 cre-

153 1954 281 2018 dantur
298 1953 478 2036 reliquisse
497 1955 682 2037 plusquam
702 1962 839 2018 centum
861 1963 977 2019 castra
995 1974 1106 2020 vacua

154 2054 245 2117 inter
260 2054 440 2118 Biternnm
456 2061 492 2118 et
509 2053 743 2119 Carcasonam
765 2054 892 2119 referta
912 2074 989 2118 cum
1011 2055 1104 2120 ciba·

154 2154 215 2219 riis
239 2161 276 2218 et
292 2153 390 2218 varia
415 2154 640 2236 supellectile,
663 2173 768 2236 quam
790 2154 963 2236 fugientes
988 2174 1104 2219 secum

155 2254 382 2336 nequiverant
397 2261 588 2337 asportare.

264 2430 314 2493 De
330 2431 468 2516 captione
483 2430 622 2494 ciuitatis
637 2438 666 2493 et
683 2430 781 2494 castri
801 2431 989 2494 Carcasone.

207 2554 333 2620 Castra
349 2555 496 2638 denique
511 2555 592 2620 iude
608 2561 786 2618 moventes
803 2573 904 2618 cruce
924 2553 1053 2636 signati
1069 2554 1106 2618 in

155 2654 244 2719 festo
273 2656 385 2719 sancti
414 2654 511 2719 Petri
537 2654 580 2719 ad
606 2654 744 2718 vincula
771 2661 1004 2736 pervenerunt
1025 2674 1107 2737 pro-

155 2774 255 2836 spere
270 2753 517 2831 Carcasonam,
528 2755 572 2818 ad
582 2754 757 2819 civitatem
771 2754 891 2836 utique
901 2755 1106 2836 populosam

156 2854 250 2920 etin
274 2874 338 2919 sua
367 2855 525 2937 perfidia,
551 2862 623 2919 tam
653 2852 874 2917 multitudine
905 2853 1106 2918 divitiarum

156 2974 261 3037 qnam
276 2953 478 3018 fortitudine
491 2955 557 3018 loci
572 2954 756 3019 admodum
771 2953 1014 3031 munitissima,
1023 2952 1106 3017 hac·

157 3061 259 3118 tenus
275 3053 492 3136 gloriantem.
538 3053 582 3116 In
596 3054 748 3118 crastino
761 3073 843 3117 vero
856 3053 949 3117 facto
963 3053 1106 3131 insultu,

157 3153 319 3219 catholici
342 3153 435 3219 intra
462 3155 608 3218 duarum
633 3160 694 3216 aut
712 3154 816 3216 trium
841 3151 1003 3217 horarum
1025 3172 1107 3236 spa-

157 3253 243 3317 tium
265 3254 376 3338 prima
398 3253 532 3318 fossata
554 3262 659 3336 atque
682 3271 798 3316 muros
820 3251 1108 3317 inaestimabiliter

158 3353 456 3431 transcenderunt,
478 3355 569 3418 iuter
586 3353 657 3417 tela
679 3353 895 3429 balistarum,
917 3353 1008 3414 inter
1030 3353 1108 3416 lan·

157 3472 236 3517 ceas
250 3461 286 3519 et
302 3453 437 3536 gladios
454 3453 711 3518 defendentium
727 3451 931 3534 impiorum;
953 3470 995 3515 ac
1012 3459 1108 3534 post-

157 3554 313 3630 modum,
329 3554 453 3618 erectis
476 3552 657 3630 machinis,
675 3558 800 3617 octavo
818 3551 873 3616 die
896 3557 1036 3633 captum
1054 3559 1108 3616 est

157 3654 356 3718 suburbium
376 3653 501 3738 majuS,
519 3652 709 3717 interfectis
727 3650 910 3732 utrobique
927 3653 1109 3734 quamplu-

157 3753 265 3828 rimis,
280 3754 339 3836 qui
353 3772 391 3817 se
405 3754 496 3817 inter
510 3753 627 3816 hostes
642 3751 755 3814 minus
771 3750 959 3832 prudenter
973 3750 1109 3832 ingere-

156 3854 252 3918 bant.
305 3854 517 3917 Demolitum
541 3859 596 3916 est
615 3853 753 3934 penitus
776 3849 990 3927 suburbium,
1013 3851 1108 3935 quod

157 3952 277 4036 utique
306 3953 418 4037 majus
451 3972 526 4016 esse
554 3951 738 4017 videbatur
769 3969 912 4033 corpore
942 3950 1108 4018 civitatis.

158 4052 341 4117 Conclusis
360 4054 479 4137 itaque
497 4053 654 4116 hostibus
672 4052 763 4115 inter
786 4049 966 4132 angustias
986 4051 1109 4116 civita·

158 4153 219 4231 tis,
249 4173 327 4219 cum
359 4154 518 4230 interiuS,
546 4161 617 4217 tam
649 4171 721 4232 pree
755 4151 974 4215 multitudine
1004 4171 1109 4234 quam
