2858 4876
349 392 415 459 194
602 407 753 458 nocunr
763 408 810 455 nn
833 406 1040 457 wnnoovua

187 585 245 628 Ab
255 584 312 625 ¹²00
350 573 419 654 que
444 589 536 655 aqna
555 569 672 652 stagni
691 568 786 633 illius
811 566 1128 651 incomparabiliter
1149 565 1244 633 salsa
1265 569 1301 629 et

187 636 307 729 llliuuf
350 671 488 754 frigida,
510 671 601 735 sicut
625 670 749 734 cducto
774 669 826 733 illi
857 669 1076 752 postmodum
1107 674 1161 732 est
1185 672 1302 731 osten-

350 791 438 836 sum.
502 771 674 835 Restabat
695 768 818 832 deinde
836 788 924 852 pons
950 787 1097 850 magnus
1118 765 1247 831 aculeis
1264 772 1301 834 et

350 871 493 936 sudibus
504 890 566 953 per
580 877 690 935 totum
701 868 837 947 affixus,
851 888 953 952 quem
964 868 1175 951 pertransire
1184 885 1301 948 quem-

349 971 434 1035 libet
447 972 641 1053 oportebat,
658 977 845 1052 antequam
862 967 906 1033 ad
921 975 1074 1032 montem
1089 967 1208 1050 gaudii
1222 985 1301 1049 per·

350 1072 509 1151 veniret;
537 1071 574 1133 in
606 1088 676 1152 quo
706 1076 823 1132 monte
854 1067 1027 1150 gradatim
1055 1069 1125 1132 sita
1148 1073 1202 1132 est
1228 1072 1301 1131 tam

351 1170 493 1253 grandis
518 1170 715 1234 ecclesiast
731 1175 915 1233 structurae
934 1169 1112 1245 mirabilis,
1138 1186 1217 1250 quae
1242 1185 1301 1231 ca·

351 1289 433 1354 pere
452 1269 634 1346 sufficeret,
658 1276 697 1332 ut
720 1269 786 1332 sibi
805 1268 997 1346 videbatur,
1020 1287 1140 1333 omnes
1165 1266 1301 1336 babita-

351 1378 444 1435 tores
460 1370 566 1436 orbis.
618 1368 797 1434 Gonduxit
817 1388 900 1451 ergo
924 1368 1048 1434 beatus
1071 1367 1235 1433 Julianus
1250 1366 1303 1431 vi·

351 1490 428 1534 rum
444 1470 606 1535 eductum
626 1489 689 1553 per
709 1469 825 1550 ignem
847 1469 1031 1552 praefatum
1052 1468 1192 1532 omniuo
1213 1466 1301 1531 illae·

350 1590 427 1635 sum
443 1569 620 1653 usquead
643 1577 803 1652 stagnum
822 1568 897 1652 jam
921 1569 1064 1645 dictum,
1088 1567 1303 1633 incedentes-

351 1690 419 1753 que
436 1671 567 1752 pariter
580 1689 643 1752 per
658 1670 763 1746 viam,
783 1688 861 1753 quae
880 1669 1011 1740 medias
1032 1669 1123 1733 inter
1143 1668 1300 1735 flammas

351 1789 373 1834 a
398 1770 542 1835 basilica
567 1769 859 1852 protendebatur3
889 1789 953 1834 nec
979 1770 1068 1833 enim
1094 1769 1211 1851 aliqua
1233 1768 1300 1849 ligss

351 1890 473 1934 norum
488 1870 633 1934 materia
656 1869 728 1952 igni
750 1877 941 1934 memorato
954 1869 1107 1934 fomitem
1123 1869 1300 1936 ministra-

350 1970 414 2048 vit,
430 1969 491 2034 sed
509 1970 648 2034 flamma
664 1969 824 2052 quaedam
843 1989 1048 2052 exsurgens,
1069 1969 1216 2035 sicut'in
1238 1967 1300 2033 cli·

351 2071 442 2135 bano
469 2070 690 2135 vehementer
713 2089 880 2134 succenso
905 2070 1071 2147 cernitur,
1099 2086 1162 2153 per
1186 2076 1299 2134 totum

349 2170 434 2234 illud
452 2171 604 2253 spatium
631 2169 813 2253 aequaliter
836 2169 1102 2247 diffundebatur,
1127 2189 1206 2252 quae
1226 2172 1302 2235 ani·

350 2290 424 2334 mas
441 2263 559 2352 nigras
576 2277 612 2341 et
627 2270 834 2346 maculosas,
856 2269 1045 2334 secundum
1068 2271 1206 2336 modum
1228 2270 1301 2335 cul-

350 2390 484 2453 parum,
498 2371 636 2435 brevius
654 2378 717 2434 aut
737 2369 936 2434 diuturnius
951 2371 1130 2436 exurebat.
1160 2369 1300 2436 Animae

350 2490 446 2548 vero,
468 2490 546 2552 quae
568 2470 683 2552 ignem
704 2472 899 2547 evaserant,
915 2470 952 2534 in
969 2477 1095 2552 stagno
1117 2469 1178 2534 illo
1203 2470 1301 2553 frigi-

350 2571 494 2634 dissimo
518 2589 559 2634 ac
585 2568 775 2634 salsissimo
802 2569 847 2633 ad
872 2576 994 2634 nutum
1022 2571 1115 2634 beati
1146 2569 1300 2649 Nicolai,

351 2670 413 2752 qui
429 2669 509 2734 huic
529 2669 732 2753 purgatorio
744 2677 904 2752 praeerat,
919 2669 1191 2750 descendebaut3
1205 2682 1303 2754 *qua-

350 2789 427 2832 rum
456 2770 616 2851 quaedam
638 2789 749 2853 usque
776 2770 820 2833 ad
849 2757 1026 2848 verticem,
1056 2770 1215 2854 quaedam
1242 2791 1301 2836 us·

349 2889 419 2952 que
448 2869 497 2933 ad
528 2869 667 2947 collum,
700 2869 860 2953 quaedam
891 2889 1001 2953 usque
1035 2871 1079 2934 ad
1113 2877 1236 2954 pectus
1266 2881 1302 2936 et

349 2967 504 3046 brachia,
534 2968 612 3032 aliae
645 2968 687 3033 ad
715 2969 912 3033 umbilicum
944 2977 980 3034 et
1003 2989 1114 3047 renes,
1140 2972 1300 3053 quadam

350 3068 395 3131 ad
418 3088 544 3150 genua,
575 3075 610 3132 et
630 3070 805 3133 nonnullae
833 3070 895 3134 vix
921 3089 1031 3153 usque
1054 3071 1215 3135 cavillam
1239 3092 1300 3156 pc-

349 3168 432 3231 dum
467 3170 636 3232 immersae
670 3168 821 3233 fuerunt.
884 3169 972 3235 Post
996 3178 1159 3252 stagnum
1187 3178 1300 3237 restat

349 3269 518 3332 transitus
541 3269 671 3351 pontis,
696 3269 756 3350 qui
780 3269 901 3334 estad
926 3271 1051 3334 atrium
1077 3277 1158 3334 anta
1176 3269 1299 3335 faciem

349 3368 505 3432 ecclesiae
534 3368 710 3450 praedictae
740 3369 777 3431 in
809 3369 1013 3434 occidentali
1040 3377 1167 3453 parte3
1211 3390 1300 3453 pon·

350 3474 420 3531 tem
452 3475 569 3535 autem
600 3467 691 3531 hunc
722 3468 880 3549 quaedam
910 3471 1035 3534 animae
1068 3470 1170 3534 nimis
1203 3470 1300 3536 labo-

348 3567 440 3631 riose
473 3574 509 3631 at
533 3566 644 3644 tarde,
674 3566 834 3650 quaedam
862 3568 973 3632 levius
1003 3578 1107 3652 atque
1134 3570 1300 3648 velocius,

349 3667 524 3731 nonnullae
536 3686 619 3730 vero
640 3666 748 3731 libore
768 3674 803 3731 et
817 3667 912 3731 ocius
929 3669 1199 3752 pertransibant,
1223 3672 1301 3736 nul-

348 3765 419 3829 lam
441 3786 572 3831 moram
587 3767 623 3830 in
639 3767 789 3831 transitu
802 3767 858 3831 vel
876 3770 1074 3851 angustiam
1088 3771 1297 3850 sentiantcs3

348 3884 430 3929 nam
459 3866 600 3950 quidam
632 3866 749 3948 ignem
782 3867 916 3932 tardius
949 3876 1167 3935 transeuntes
1198 3872 1300 3937 annis

349 3965 468 4029 multis
494 3966 531 4029 in
559 3985 600 4030 co
624 3968 867 4047 morabantur3
898 3969 1015 4052 etqui
1038 3970 1141 4034 nullis
1165 3971 1302 4054 specia-

348 4064 432 4130 lium
455 4065 639 4130 missarum
664 4086 706 4130 ac
726 4067 1021 4152 eleemosynarum
1039 4069 1212 4150 suffragiis
1236 4071 1300 4136 ad·

343 4163 526 4246 juvantur,
550 4165 608 4231 vel
630 4166 735 4230 nullis
763 4168 1006 4233 misericordiae
1030 4169 1191 4252 operibus
1216 4190 1300 4253 erga
