2858 4876
425 406 564 454 ruerus
588 406 858 457 rusrorusauu.
1051 394 1115 459 381

166 560 309 643 agentes
326 570 360 627 et
376 563 502 627 ibidem
518 565 621 628 simili
641 566 736 629 rabie
758 565 942 630 saevientes
965 565 1009 630 ad
1032 572 1116 630 nota
1126 580 1183 620 Ab
1194 580 1251 619 ¹²1⁶·

167 662 426 728 Londcniarum
442 664 588 730 latibula
604 672 686 730 sunt
702 666 842 730 reversi.

325 838 376 902 Do
388 837 541 903 obstruens
557 839 653 903 codri
668 839 705 903 dc
726 839 959 904 Wicdlcsltorcs.

217 960 286 1025 His
307 962 358 1026 ita
379 962 499 1043 gestis,
516 963 619 1027 iidem
641 964 798 1040 barones,
816 983 943 1047 magno
959 965 1115 1029 exercitu
1127 977 1226 1016 wana

165 1068 387 1144 congregato,
423 1063 602 1126 castellum
638 1062 681 1126 de
706 1064 966 1128 Windleshores
998 1065 1115 1129 cuneis
1127 1027 1231 1126 ἷῗῖῗῗιεᾱ·

165 1161 371 1226 militaribus
384 1162 593 1227 obsederunt
604 1183 619 1242 3·
638 1171 713 1228 erat
724 1172 840 1228 autem
855 1165 1015 1247 princeps
1029 1165 1116 1228 mili·

164 1261 223 1325 tiae
238 1261 332 1325 illius
347 1282 462 1327 comes
482 1262 669 1340 Niverniae,
684 1257 747 1327 ¹de
762 1262 975 1328 Gueuelonis
990 1284 1115 1345 genere

165 1360 371 1443 proditoris3
394 1361 466 1445 qui,
489 1362 655 1427 machinis
678 1363 721 1427 ad
744 1370 896 1427 castrum
919 1362 1116 1446 applicatis,

166 1481 283 1525 muros
301 1462 427 1526 acriter
442 1463 656 1528 invaserunt.
703 1461 786 1528 Fuit
802 1464 921 1546 itaque
943 1465 978 1527 in
1000 1472 1115 1528 castro

166 1568 283 1626 custos
300 1582 455 1627 summus
473 1563 679 1646 Ingelardus
695 1563 737 1627 de
755 1561 873 1642 Atbie,
890 1563 943 1628 vir
960 1565 1115 1647 inopere

166 1662 291 1727 martio
325 1663 599 1746 probatissimus,
633 1682 712 1728 cum
737 1663 904 1727 militibus
930 1665 1116 1745 sexaginta

167 1768 342 1826 eteorum
365 1764 516 1846 sequela,
540 1763 600 1846 qui
623 1770 822 1827 constanter
844 1763 1036 1827 defensioni
1056 1782 1117 1828 va·

168 1869 287 1927 cantes
311 1863 429 1928 hostes
445 1883 467 1927 a
484 1863 592 1927 muris
612 1863 748 1945 longius
771 1863 936 1945 repellere
957 1863 1115 1927 niteban-

168 1970 236 2028 tur.
289 1963 445 2046 Cumque
460 1983 523 2027 rex
536 1963 560 2027 J
563 1963 715 2027 ohannes
732 1970 848 2028 castra
865 1962 907 2027 de
924 1960 1067 2027 Dovera
1080 1971 1116 2028 et

167 2064 209 2127 de
224 2063 486 2130 Windlesbores
508 2063 729 2146 cognovisset
750 2064 903 2140 obsessa,
926 2082 1116 2145 cougrega-

166 2164 218 2229 vit
242 2164 433 2229 exercitum
465 2164 630 2246 grandem
659 2163 702 2226 de
727 2163 896 2245 praesidiis
924 2170 1116 2227 castrorum

168 2284 321 2343 suorum,
347 2284 417 2348 quo
442 2265 592 2346 stipatus
620 2261 783 2327 discurrit
808 2270 962 2346 tempore
994 2264 1116 2328 messis

168 2385 229 2447 per
262 2372 373 2430 terras
403 2365 568 2430 comitum
598 2351 634 2428 et
666 2364 846 2442 baronum,
876 2362 968 2427 aedes
998 2383 1115 2429 eorum

168 2485 247 2529 cum
269 2464 426 2547 frugibus
450 2463 699 2530 concremando
724 2462 885 2526 damnum
913 2483 983 2527 non
1005 2462 1114 2527 modi·

168 2584 245 2628 cum
268 2565 425 2629 hostibus
455 2565 645 2647 irrogavit3
672 2563 811 2626 tandem
845 2563 1041 2646 provincias
1072 2563 1116 2628 de

168 2664 204 2728 N
206 2664 353 2729 orthfolc
377 2671 412 2729 et
439 2663 596 2728 Suthfolc
619 2657 630 2693 ²
637 2671 859 2745 pervagatus,
891 2662 996 2727 simili
1021 2663 1116 2727 rabie

166 2764 294 2829 ibidem
313 2765 349 2829 in
371 2766 473 2829 rebus
491 2764 626 2828 comitis
647 2762 690 2827 de
714 2762 879 2840 Arundel,
901 2762 1033 2844 Rogeri
1057 2763 1117 2828 Bi·-

167 2874 240 2946 got,
255 2864 419 2929 Willelmi
435 2863 478 2928 de
493 2862 738 2944 Huntingfeld,
757 2860 887 2945 Rogeri
910 2862 953 2926 de
969 2861 1066 2926 cresi
1081 2872 1117 2928 et

167 2965 314 3030 aliorum
340 2969 542 3046 magnatum
567 2963 721 3027 desaevit.
774 2962 975 3027 Novissime
1001 2971 1115 3027 autem

168 3084 244 3128 cum
261 3064 335 3129 baec
352 3065 468 3128 omnia
481 3064 679 3141 baronibus,
697 3062 805 3146 quiin
823 3061 1001 3127 obsidione
1011 3064 1117 3128 castri

166 3164 209 3229 de
223 3163 483 3229 Windleshores
500 3183 632 3247 parum,
648 3161 751 3227 immo
767 3162 861 3239 nibil,
878 3161 1117 3244 proficiebant,

167 3265 328 3330 nuntiata
360 3264 518 3346 fuissent,
544 3263 770 3328 decreverunt
802 3262 1015 3327 obsidionem
1046 3263 1116 3327 sola

167 3384 257 3441 vere,
281 3371 321 3429 ut
342 3365 417 3446 regi
439 3364 605 3441 Johanni,
631 3363 692 3447 qui
722 3363 796 3446 jam
826 3360 919 3426 circa
943 3360 1119 3428 maritima

166 3465 203 3528 in
221 3464 393 3543 Sutbsolc,
410 3473 455 3545 ,ut
481 3465 611 3529 dictum
631 3470 697 3541 est,
714 3462 851 3546 praedas
874 3463 1002 3542 agebat
1016 3471 1052 3527 at
1066 3483 1118 3528 ra-

166 3566 279 3648 pines,
294 3566 387 3630 viam
404 3564 657 3649 praecluderent
673 3562 888 3641 revertendi;
916 3563 1035 3646 sicque
1057 3582 1119 3645 per

200 3765 259 3819 ¹De
280 3769 428 3819 Gueaelcuis
443 3784 532 3832 genere
546 3756 642 3863 prodi-i
692 3764 904 3833 'Pmcogatua.]
933 3769 1008 3832 Upon
1030 3764 1119 3819 Jobn’s

165 3834 257 3908 toris]
283 3840 326 3888 An
347 3840 509 3903 explanation
531 3840 560 3888 os
579 3839 630 3888 thir
653 3840 776 3902 journeya
792 3844 819 3889 at
837 3839 887 3889 this
906 3840 1004 3902 period,
1021 3840 1119 3900 especi-

166 3912 273 3970 proverb
294 3911 317 3959 is
346 3911 420 3972 given
449 3911 483 3972 by
511 3909 632 3971 Dutillet,
657 3909 711 3969 ally
732 3910 795 3959 from
819 3908 861 3958 the
886 3913 925 3959 let
947 3914 972 3958 to
994 3909 1036 3958 the
1059 3908 1118 3957 llltb

166 3979 230 4030 Rec.
252 3981 298 4029 des
321 3979 391 4042 Roys
419 3980 452 4028 de
474 3979 581 4042 France,
603 3994 630 4041 p.
657 3979 686 4027 of
703 3979 822 4042 October,
841 3979 916 4028 when
937 3978 969 4028 he
991 3977 1060 4040 died,
1076 3979 1119 4028 the

162 4053 221 4101 261.
256 4051 304 4101 See
326 4049 424 4099 Frencb
440 4050 588 4099 translation
605 4050 634 4100 of
657 4049 747 4099 reader
764 4048 856 4098 should
872 4049 971 4098 consult
987 4048 1029 4097 the
1040 4049 1120 4098 Itine-

165 4119 252 4184 Paris,
262 4121 300 4172 iii.
312 4135 339 4183 p.
353 4124 410 4185 129,
421 4124 484 4173 note.
657 4134 716 4181 rary
728 4118 778 4168 and
791 4118 842 4168 Mr.
854 4113 966 4178 Hardy’s
977 4118 1077 4179 profare
1093 4124 1120 4170 to

657 4189 700 4239 the
713 4189 773 4240 Pat.
786 4188 867 4252 Belle,
877 4203 903 4250 p.
915 4188 986 4239 xlvii.
