2858 4876
339 381 383 442 54
594 390 729 439 nocam
753 391 800 437 nn
824 388 1030 438 wannovna

457 623 507 686 Dc
523 630 617 685 morta
632 619 812 705 Rapiaoldsi,
831 615 1063 682 camariana
1078 612 1175 678 ebori.

180 768 303 810 nnana
393 746 496 811 Anno
522 744 714 809 Dominicae
742 742 989 806 incarnationis
1015 755 1158 803 ucxcu.
1182 734 1303 816 Regi-

180 817 291 918 mil,
343 847 480 924 naldus,
497 844 741 909 Bathoniensis
759 843 954 924 episcopus,
969 860 990 903 a
1007 836 1184 903 monachis
1200 834 1300 898 Can-

180 917 291 958 archbisho

181 970 236 1007 ena
244 927 305 1005 01⁹
344 947 575 1011 tuariensibus
606 944 642 1007 in
676 941 968 1024 archiepiscopum
1002 939 1144 1013 electus,
1171 935 1302 998 decur-
1400 965 1404 971 ·

180 1018 317 1064 cmm
344 1047 392 1111 sis
412 1065 434 1109 a
451 1045 506 1109 die
524 1041 811 1107 denominationis
834 1041 909 1123 ejus
925 1038 1051 1120 viginti
1073 1054 1198 1101 novem
1218 1033 1300 1097 die·

344 1147 421 1222 bus,
445 1143 639 1208 nativitatis
659 1141 802 1205 Domini
822 1139 878 1202 die
900 1131 1006 1202 ldiem
1027 1135 1153 1200 clausit
1177 1140 1301 1197 extre-

344 1262 459 1321 mum3
488 1243 644 1325 sepultus
669 1250 722 1304 est
747 1246 863 1302 autem
882 1237 1066 1302 Bathoniae
1084 1236 1121 1299 in
1144 1232 1300 1297 ecclesia

345 1363 411 1407 sua
424 1362 533 1425 prope
549 1341 661 1425 majus
677 1339 801 1403 altare.

351 1516 394 1580 Ut
410 1537 464 1579 rec
478 1515 678 1579 Francorum
694 1513 731 1576 dc
738 1511 987 1598 parepriactiooe
1002 1508 1154 1573 Parisios
1167 1506 1299 1571 verterit

183 1675 270 1724 ruins.
397 1639 466 1701 Per
489 1636 579 1701 idem
599 1644 735 1718 tempus
757 1655 820 1698 rex
847 1635 1057 1698 Francorum
1079 1626 1120 1695 'a
1140 1630 1300 1714 peregri-

183 1725 292 1816 ’ἔξω
346 1738 487 1800 natione
503 1737 638 1800 rediens
652 1743 753 1799 sexto
771 1733 939 1797 kalendas
958 1733 981 1797 J
985 1732 1120 1798 anuarii
1135 1729 1302 1794 Parisius

347 1835 493 1899 solemni
509 1836 727 1918 processione
744 1841 903 1916 receptus
918 1841 983 1897 est.

472 2006 624 2080 Quomodo
639 2027 693 2070 rar
707 2005 887 2070 Riclcrdor
900 2005 1028 2069 Dorum
1044 2004 1166 2089 caperit.

186 2151 279 2191 arcuna
413 2128 543 2193 Eodem
572 2149 663 2193 anno
693 2136 773 2212 post
805 2129 1011 2192 Paschalem
1040 2127 1301 2192 solemnitatem

185 2202 284 2297 illim
348 2248 409 2291 rex
432 2227 628 2292 Richardus
646 2223 800 2292 ³Darum
824 2228 921 2304 adiit,
945 2228 1124 2291 castellum
1148 2225 1304 2289 Christi·

347 2326 489 2391 anitatis
507 2327 665 2391 ultimum
690 2346 812 2391 versus
835 2326 1083 2408 Babyloniam
1107 2325 1199 2408 quod
1222 2325 1302 2389 die-

347 2427 412 2489 bus
443 2427 594 2507 quinque
627 2425 789 2489 obsidens
816 2432 951 2488 armata
981 2444 1086 2488 manu
1110 2423 1212 2507 cepit,
1242 2431 1302 2488 at-

348 2543 416 2606 que
449 2525 608 2588 obsessos
643 2524 743 2606 gravi
779 2525 891 2606 pretio
924 2523 1168 2607 redemptionis
1199 2523 1302 2589 abire

348 2622 516 2705 permisit.

421 2792 463 2857 Ut
479 2815 533 2858 rar
549 2795 729 2862 Richardur
745 2806 854 2882 septem
868 2798 974 2863 millio
989 2796 1115 2863 oocwlor
1131 2794 1240 2882 opibus

697 2907 815 2961 onustos
830 2898 953 2982 caprarii.

184 3034 311 3122 mmmm
413 3016 500 3080 Post
524 3017 613 3081 hanc
638 3019 819 3083 victoriam
841 3021 937 3085 venit
956 3020 999 3083 ad
1026 3038 1142 3101 regem
1163 3016 1301 3100 Anglo-

187 3131 273 3172 amen.
348 3134 425 3178 rum
456 3114 529 3178 dux
564 3116 776 3197 Burgundiae
808 3138 886 3182 cum
916 3120 1128 3182 Francorum
1158 3117 1300 3196 militia,

350 3214 406 3277 cui
429 3215 636 3278 auctoritate
663 3217 756 3297 regis
785 3217 997 3281 Francorum
1020 3223 1169 3300 praeerat
1194 3218 1300 3298 quasi

349 3312 422 3375 dux
439 3319 475 3375 et
491 3320 609 3376 custos
624 3333 797 3395 summus3
821 3317 876 3379 cui
900 3319 1004 3380 etiam
1028 3318 1064 3379 in
1085 3315 1300 3398 praecedenti

349 3410 568 3474 solemnitate
582 3412 724 3477 dederat
737 3434 799 3477 rex
815 3415 1011 3479 Richardus
1026 3415 1171 3496 triginta
1185 3415 1299 3479 millia

349 3510 587 3586 bisantiorum,
619 3518 658 3574 ut
689 3512 835 3577 fideliter
867 3520 976 3577 staret
998 3534 1078 3581 cum
1099 3534 1140 3577 eo
1165 3514 1208 3578 ad
1232 3534 1299 3577 ex-

351 3608 577 3690 pugnandum
609 3608 727 3674 hostes
758 3611 900 3690 Christi,
930 3620 976 3691 et,
1015 3613 1160 3677 consilio
1195 3611 1299 3691 inito,

384 3802 806 3872 ¹Dicmclcaciteaetremam,]‘apnd
867 3809 1071 3877 wormatia]
1082 3814 1136 3862 The
1145 3814 1301 3875 particulare

348 3875 543 3937 Dogemereleld
560 3879 587 3926 in
601 3880 724 3928 territorio
738 3881 808 3928 Win·
832 3879 861 3930 ol
868 3882 910 3930 the
924 3884 1013 3947 taking
1024 3883 1053 3933 of
1060 3885 1159 3933 Darum
1170 3898 1213 3933 are
1221 3886 1300 3946 given

348 3945 481 4004 toniensi3'
497 3946 597 4008 Diceto,
608 3950 720 3999 colodi.
832 3950 866 4010 by
880 3952 998 4016 Vinsaul,
1021 3970 1048 4015 p.
1069 3959 1126 4016 392,
1142 3969 1206 4017 sequ.
1242 3954 1300 4004 The

383 4011 420 4062 ²A
427 4015 620 4076 peregrinatione
628 4018 744 4082 redima]
757 4019 808 4067 His
832 4024 886 4068 text
896 4021 919 4068 is
929 4023 1006 4071 taken
1021 4025 1144 4075 verbatim
1154 4023 1217 4074 from
1229 4025 1302 4088 Cog-

344 4084 454 4144 journey
464 4084 487 4132 is
497 4086 619 4149 minutely
630 4087 762 4137 described
773 4090 807 4150 by
832 4090 945 4154 geshale,
956 4093 1004 4144 col.
1015 4098 1071 4145 sal.

349 4152 480 4202 Benedict.
489 4154 558 4204 Abb.
569 4171 596 4218 p.
608 4160 736 4222 σηοως.
