2858 4876
348 396 413 460 126
602 413 736 460 nonani
760 414 806 460 nn
830 413 1038 462 wuunovna

184 583 308 624 annuc.
342 569 524 658 judicium,
549 569 666 634 salvus
691 569 796 633 fiam?
849 568 987 633 Placuit
1020 568 1085 632 hoc
1118 569 1298 632 consilium

345 671 528 746 universiS,
556 669 655 734 salva
686 688 822 752 semper
855 669 921 732 sibi
952 662 1136 732 'clementia
1169 668 1298 747 divina,

344 789 422 851 quae
437 789 554 834 omnes
571 770 702 833 servari
714 768 887 832 desiderat
899 775 933 832 et
945 769 1115 832 neminem
1126 767 1203 833 vult
1218 787 1296 850 per-

344 869 406 934 ire.
458 869 557 932 Tunc
584 869 779 951 episcopuS,
807 868 1025 946 audientibus
1051 869 1195 944 cunctis,
1218 887 1295 931 cum

343 967 476 1049 ingenti
510 986 658 1032 moerore
692 969 907 1049 recognovit,
945 967 1106 1050 qualiter,
1141 967 1295 1050 expulsis

343 1067 521 1131 monachis
541 1067 871 1145 Conventrensibus,
887 1067 932 1130 ad
949 1067 1124 1131 cumulum
1141 1068 1294 1131 omnium

344 1168 513 1231 malorum
538 1167 574 1230 in
602 1168 678 1231 loeo
706 1186 824 1232 eorum
848 1167 1058 1248 irreligiosos
1083 1167 1225 1231 clericos
1242 1167 1295 1229 in·

343 1267 521 1346 troduxit3
553 1267 598 1330 ad
624 1266 723 1350 cujus
751 1265 875 1349 fiagitii
902 1266 1174 1331 satisfactionem
1201 1266 1294 1330 aliud

343 1386 452 1447 genus
482 1367 705 1431 correctionis
738 1386 808 1431 non
840 1366 985 1445 invenit,
1015 1367 1082 1430 nisi
1110 1377 1150 1430 ut
1176 1385 1294 1430 eorum

343 1465 464 1531 habitu
491 1467 600 1532 vitam
626 1466 753 1545 finiret,
785 1468 821 1530 in
854 1485 941 1547 quos
972 1465 1145 1531 diabolico
1169 1466 1294 1548 spiritu

342 1567 555 1647 exagitatus
576 1567 656 1629 dum
676 1566 801 1649 potuit,
818 1566 1092 1650 persecutionem
1114 1565 1293 1642 excitavit,

341 1665 536 1731 mendicare
554 1666 680 1746 coegit,
697 1667 917 1749 quantumin
942 1684 980 1729 se
1001 1672 1077 1730 erat
1099 1666 1178 1729 odio
1201 1684 1293 1729 mor·

342 1763 406 1827 tali
422 1764 569 1844 afflixit3
600 1764 720 1848 sicque
737 1785 816 1829 cum
835 1784 961 1847 magno
980 1764 1113 1848 ejulatu
1132 1766 1293 1830 abbatem

343 1863 460 1941 Becci,
488 1864 548 1946 qui
574 1856 666 1928 inter
691 1872 836 1929 caeteros
861 1865 993 1940 aderat,
1020 1864 1207 1947 deprecans
1230 1864 1292 1928 ad·

337 1962 483 2046 juravit,
516 1971 688 2047 quatenus
721 1965 850 2029 intuitu
886 1964 1054 2040 caritatis,
1087 1964 1131 2027 ad
1163 1964 1292 2029 diaboli

341 2062 588 2142 confusionem,
613 2064 769 2128 habitum
797 2065 864 2128 sibi
889 2063 1091 2128 concederet
1116 2063 1294 2128 monachi·

340 2162 420 2239 lem,
443 2170 482 2227 ut
506 2163 585 2228 illos
607 2163 750 2228 haberet
776 2171 943 2247 patronos
964 2163 1001 2226 in
1023 2163 1141 2227 seculo
1162 2163 1292 2241 futuro,

342 2281 429 2344 qnos
458 2271 659 2346 persecutus
688 2263 804 2327 fuerat
832 2261 869 2327 in
899 2263 965 2327 hoc
995 2263 1135 2327 mundo.
1188 2262 1292 2342 Quod

338 2381 415 2425 cum
433 2362 613 2446 impletum
635 2363 770 2439 fuisset,
792 2363 909 2428 omnia
929 2382 1008 2446 quae
1030 2363 1230 2445 possidebat
1251 2365 1289 2430 iu

337 2479 423 2526 auro
449 2469 485 2526 et
512 2469 669 2544 argento,
698 2457 735 2525 in
758 2464 901 2544 gemmis
929 2469 964 2526 et
993 2462 1086 2527 vasis
1114 2462 1288 2545 pretiosis,

337 2560 494 2625 domibus
513 2561 684 2644 religiosis
704 2569 740 2626 et
761 2563 970 2645 pauperibus
987 2563 1158 2644 erogavit,
1183 2569 1219 2626 et
1237 2564 1287 2628 sic

336 2659 373 2722 in
388 2679 449 2743 spe
463 2661 555 2724 bona
571 2661 724 2726 omnium
742 2659 984 2726 adsistentium
1003 2668 1038 2725 et
1053 2661 1132 2744 jugi
1150 2662 1288 2747 lachry-

337 2778 470 2845 marum
486 2760 651 2826 effusione
667 2762 735 2826 fine
754 2762 931 2845 insperato
949 2761 1093 2845 quievit.

385 2934 434 2996 Do
451 2933 637 2999 revocatione
652 2944 810 2999 concentus
827 2935 954 2999 ecolmiae
972 2936 1198 3002 Ooaomtroaais
1213 2945 1241 3002 ot

622 3034 795 3120 eapulsione
811 3034 1000 3100 clericorum.

401 3155 607 3222 Morabatnr
634 3177 675 3223 ea
706 3165 912 3243 tempestate
941 3159 978 3222 in
1006 3159 1102 3222 curia
1128 3158 1291 3225 Romana

337 3257 525 3320 monachus
550 3258 690 3341 quidam
714 3258 983 3324 Conventrensis
1009 3259 1169 3335 coenobii,
1192 3258 1288 3323 Tho-

337 3375 411 3419 mas
432 3359 580 3435 nomine,
607 3360 667 3441 qni
693 3360 737 3422 ab
763 3360 926 3441 episcopo
950 3358 1097 3441 praefato
1122 3378 1201 3422 cum
1222 3379 1290 3423 cae-

336 3455 419 3519 teris
437 3455 601 3521 fratribus
618 3459 798 3540 expulsuS,
816 3465 855 3522 ut
874 3459 1033 3541 superins
1055 3458 1202 3522 relatum
1225 3466 1289 3535 est,

335 3555 522 3620 monachos
562 3558 830 3641 circumquaque
863 3558 1036 3641 dispersos
1072 3558 1174 3622 simul
1211 3578 1290 3623 cum

335 3656 493 3720 coenobio
516 3657 724 3723 auctoritate
746 3660 871 3722 summi
892 3658 1065 3742 pontificis
1097 3658 1134 3721 in
1157 3665 1289 3723 statum

335 3754 518 3837 pristinum
531 3757 665 3822 studuit
679 3758 865 3822 reformare
880 3777 890 3837 ;
915 3758 1056 3841 quidam
1076 3765 1194 3823 autem
1218 3757 1289 3825 fra·

335 3861 428 3917 trum
450 3854 525 3940 ejus
546 3857 716 3935 obierant,
738 3858 878 3942 quidam
899 3858 1003 3922 taedio
1026 3865 1062 3922 et
1083 3864 1290 3941 paupertate

334 3952 450 4018 affecti
475 3973 497 4019 a
524 3957 622 4022 curia
642 3965 868 4036 recesserant,
890 3959 967 4040 ipso
991 3958 1125 4022 soloin
1147 3959 1289 4040 negotio

332 4063 587 4134 perseverante,
609 4076 663 4134 ac,
683 4065 889 4141 paupertate
906 4057 1011 4122 nimia
1028 4051 1287 4142 ¹compeilente,

560 4205 759 4278 'cmpetleute.]
772 4207 954 4274 ‘Conpulsus'
966 4212 993 4261 in
1005 4212 1064 4263 MS.
