2858 4876
428 414 567 462 vnoaus
591 414 858 463 nrs'ronmnuu.
1073 399 1118 468 39

166 570 270 654 quod,
283 571 347 654 [si]
361 571 590 637 Eboracensis
603 571 735 636 electus
751 571 796 639 ad
810 572 960 655 aliquem
977 581 1116 655 portum
1130 591 1184 637 hu..
1196 593 1254 633 nn:
1279 631 1286 640 ,

166 672 202 734 in
221 672 350 736 balliva
371 679 434 737 tua
453 672 671 756 applicuerit,
690 679 752 736 aut
771 673 897 756 aliquis
917 675 1117 744 nuntiorum

166 772 254 856 ejus,
277 793 355 836 eum
383 773 524 838 retineri
550 772 663 864 facias
681 773 791 844 donec
813 773 1014 837 mandatum
1037 794 1118 839 nos-

165 880 258 937 trum
283 873 363 938 inde
389 873 608 957 receperitis3
639 880 675 938 et
698 874 856 939 similiter
885 874 1116 966 praecipimus,

165 972 258 1057 quod
291 993 410 1039 omnes
440 973 560 1039 literas
590 973 720 1037 domini
743 993 857 1059 papae,
881 982 942 1039 aut
967 975 1115 1059 alicujus
1192 997 1194 1001 ’
1277 996 1280 1004 ·

165 1075 284 1156 magni
311 1076 388 1153 viri,
417 1075 478 1158 qui
505 1074 588 1138 illuc
614 1075 785 1152 venerint,
813 1073 922 1139 facias
952 1074 1117 1140 retineri?

165 1173 357 1240 Matthaeus
370 1194 464 1253 vero,
476 1195 555 1248 cum
572 1174 823 1259 archiepiscopi
835 1162 1021 1240 adventum
1035 1196 1116 1265 σος-Ι

164 1276 331 1353 novisset,
346 1295 417 1340 non
436 1276 590 1365 segniter
608 1275 675 1341 sibi
694 1275 852 1360 injuncta
872 1276 1115 1341 cumconsilio

165 1377 295 1440 sororis
309 1376 458 1440 Eiiensis
471 1376 637 1459 episcopi,
651 1396 730 1459 quae
744 1383 828 1440 tunc
841 1363 1022 1441 castellum
1038 1395 1116 1441 cus-

164 1475 329 1555 todiebat,
349 1495 531 1560 peragens,
551 1495 613 1560 per
633 1495 697 1541 sex
718 1476 791 1540 dies
809 1497 887 1541 cum
902 1483 1113 1546 armatorum

163 1576 384 1642 multitudine
400 1577 483 1642 fecit
494 1576 654 1665 [eum]1n
669 1577 826 1666 prioratu
840 1577 952 1641 sancti
967 1576 1114 1642 Martini

166 1679 325 1761 nequiter
348 1677 509 1756 obsideri,
532 1697 635 1761 quem
655 1679 760 1743 etiam
782 1677 818 1743 in
839 1684 975 1742 tantum
998 1697 1113 1743 coarc-

166 1778 267 1856 tavit,
284 1785 325 1843 ut
341 1780 403 1845 vix
426 1779 458 1843 ei
477 1777 590 1842 medio
609 1785 765 1862 tempore
783 1778 948 1844 victualia
971 1786 1116 1862 possent

165 1877 380 1944 emendicata
399 1878 547 1943 conferri
563 1898 572 1959 ;
596 1898 677 1943 nam
698 1878 906 1962 perfidorum
928 1879 1063 1944 malitia
1078 1880 1115 1945 in

164 1979 317 2067 deterius
334 1987 532 2063 proruente,
553 1979 680 2045 milites
700 1978 849 2043 Eliensis
867 1979 1020 2064 episcopi
1036 1999 1115 2045 cum

164 2089 376 2161 armatorum
409 2078 629 2144 multitudine
658 2086 828 2144 venerunt
860 2080 904 2143 ad
934 2080 1116 2177 ecclesiam

165 2181 346 2267 praelatam
381 2199 459 2244 cum
486 2179 648 2256 fustibus,
676 2185 726 2243 ει
744 2179 848 2243 armis
877 2180 1047 2243 irruentes
1077 2172 1116 2245 iu

165 2280 459 2394 archiepiscopum
482 2278 626 2342 firmiter
646 2277 859 2355 indixerunt,
877 2284 917 2342 ut
939 2278 982 2343 ι1ε
1006 2299 1114 2360 regno

164 2380 239 2444 sine
255 2398 353 2444 mora
363 2378 399 2443 in
411 2378 613 2463 Flandriam
629 2367 857 2460 navigaturus
869 2369 1001 2462 exiret3
1020 2371 1115 2463 quod

164 2480 277 2564 facere
303 2498 477 2546 recusans
498 2452 790 2563 archiepiscopus,
812 2479 971 2543 stolam
962 2500 997 2544 ιιι
1023 2479 1113 2545 collo

165 2599 300 2666 gerens,
323 2581 359 2645 in
384 2580 542 2645 manibus
569 2599 704 2645 crucem
730 2579 901 2666 bajulans,
924 2581 972 2644 ab.
992 2580 1113 2646 altaris

164 2701 271 2764 cornu
293 2701 355 2764 ρει
376 2680 492 2763 pedes,
514 2700 576 2764 ρει
600 2700 713 2758 crura,
732 2701 794 2764 per
814 2679 969 2757 brachia,
993 2668 1114 2747 colliso

165 2783 279 2865 capite
305 2781 342 2847 in
371 2782 620 2864 pavimentum,
645 2781 816 2846 violenter
843 2781 1051 2858 extrahitur,
1078 2767 1117 2847 et

164 2903 226 2967 per
240 2883 333 2947 viam
351 2882 514 2960 lutosam,
532 2902 594 2965 per
611 2873 690 2946 loca
707 2880 896 2958 immunda,
915 2900 995 2944 cum
1016 2880 1117 2947 cleris.

165 2984 216 3053 cis
238 2984 310 3049 suis
330 2988 365 3046 et
384 2982 468 3047 viris
491 2981 675 3064 religiosis
697 2983 756 3064 qui
779 2980 822 3048 de
846 2973 1003 3064 partibus
1025 2980 1113 3045 mul·

164 3085 210 3150 tis
237 3083 281 3147 ad
305 3083 419 3167 ipsum
443 3080 628 3146 videndum
655 3087 901 3159 convenerant,
927 3080 1114 3165 perductus

165 3191 219 3264 est
240 3184 276 3247 in
295 3181 474 3248 castellum
496 3189 532 3246 ει
553 3181 716 3247 detrusus
738 3180 774 3245 in
792 3175 977 3259 carcerem,
993 3189 1029 3246 et
1052 3202 1114 3265 per

164 3273 335 3351 octo‘dies
353 3283 417 3346 sub
445 3289 543 3348 arcta
567 3274 726 3346 custodia
749 3282 964 3347 servabatur.
1010 3280 1114 3360 Quod

166 3384 310 3450 audiens
327 3384 510 3467 episcopus
528 3380 778 3447 Londonicnsis
795 3402 873 3447 cum
893 3372 1114 3447 festinatione

166 3486 261 3551 venit
277 3483 321 3548 ad
339 3482 593 3560 cancellarium,
609 3501 632 3546 a
649 3501 717 3567 quo
734 3490 814 3565 post
832 3483 959 3547 multas
983 3482 1115 3565 suppli-

165 3586 320 3657 cationes
332 3583 394 3648 vix
412 3581 551 3646 tandem
567 3583 718 3647 obtinuit
730 3582 969 3658 liberationem
984 3582 1116 3648 archie-

103 3715 107 3725 ·
165 3685 312 3772 piscopi,
332 3684 535 3770 episcopatu
558 3702 622 3747 suo
644 3690 718 3748 toto
740 3678 840 3766 quasi
862 3684 1008 3767 pignore
1025 3683 1119 3764 obit„

166 3794 261 3870 gato.
308 3782 492 3850 carcerem
505 3784 624 3871 itaque
639 3783 819 3866 egrediens
835 3782 1116 3866 archiepiscopus

167 3885 365 3952 Londonias
396 3884 504 3962 venit,
534 3884 593 3947 ubi
622 3885 665 3947 ab
695 3883 857 3967 episcopo
883 3883 1118 3948 Londoniensi

167 3995 203 4052 et
224 3986 315 4051 clero
337 3992 373 4049 et
395 3984 525 4069 populo
546 3983 733 4048 honorifice
755 3991 936 4067 susceptus
961 3988 1015 4048 est
1037 4002 1119 4048 cnm>

168 4085 386 4175 processione
415 4085 573 4158 solemni
640 4083 731 4149 Haec
755 4084 909 4169 profecto
934 4084 1120 4153 temeraria

167 4187 391 4272 praesumptio
423 4185 676 4269 postmodum
667 4205 703 4248 ιιι
727 4185 925 4251 cancellarii
951 4164 1115 4269 dejectio-
