2858 4876
325 362 391 432 200
580 381 715 434 nouum
739 383 785 431 nn
808 381 1016 432 wnunovnu

164 556 288 648 &napa
327 540 557 625 superbientis
584 559 699 605 eoram
726 538 939 604 daemonibus
968 536 1013 603 ad
1040 537 1199 603 invicem
1215 557 1278 620 ap·

58 710 62 717 ,
165 609 283 699 suillinis
327 641 572 725 plaudentibus
606 640 787 720 recitavit3
817 640 937 704 cervix
970 639 1128 722 erigitur,
1159 639 1277 704 vultus

327 741 511 820 attollitur,
534 741 625 806 oculi
648 760 726 805 oum
745 739 896 805 arcuatis
918 738 1112 823 superciliis
1130 747 1278 822 surgunt

326 843 363 906 in
380 842 570 926 obliquum,
581 841 763 924 imperiose
777 839 918 905 tumidis
936 839 1073 904 intonat
1081 839 1207 925 verbis,
1222 839 1276 903 lu·

328 942 416 1006 dunt
436 940 582 1019 humeri,
597 941 659 1007 vix
679 940 821 1006 brachia
840 940 929 1004 serre
949 959 1022 1022 pree
1042 939 1136 1003 fastu
1157 939 1279 1004 valen·

328 1049 393 1118 tes,
415 1041 564 1106 ardescit
579 1041 699 1105 oculus
719 1041 887 1124 vultuque
905 1038 1068 1117 minatur,
1085 1039 1122 1106 in
1143 1039 1277 1104 ortillos

328 1161 474 1224 surgens
503 1161 603 1206 crure
631 1147 702 1206 stat
726 1141 877 1219 inverso,
906 1141 942 1204 in
973 1148 1096 1223 pectus
1122 1139 1278 1223 [ex]ten-

328 1242 433 1321 ditur,
451 1241 577 1311 collum
594 1241 747 1325 supinat,
762 1241 861 1306 vultu
879 1240 1015 1316 candet,
1030 1240 1151 1323 ignitis
1168 1240 1278 1305 oculis

328 1343 415 1407 iram
444 1341 693 1426 prognosticat,
725 1360 915 1424 nasumque
944 1340 1054 1423 digito
1083 1341 1279 1424 percutiens

329 1462 457 1524 magna
482 1444 654 1521 minatur;
687 1442 738 1506 sic
761 1448 905 1509 ventosa
931 1441 1094 1524 superbia
1121 1439 1165 1505 de
1186 1440 1281 1505 facili

331 1549 473 1625 turgens
496 1544 601 1606 risum
628 1543 806 1624 praebebat
833 1541 1017 1625 spiritibus,
1040 1541 1278 1605 monstruosis.

332 1642 468 1707 Etcum
487 1642 531 1706 de
547 1642 702 1707 vestibus
727 1642 945 1725 gloriaretur,
960 1642 1182 1724 manicasque
1197 1661 1279 1706 con-

331 1742 462 1806 suendo
488 1742 752 1824 constringeret,
779 1742 893 1807 subito
910 1742 946 1805 in
975 1741 1112 1824 igneam
1134 1740 1281 1807 formam

331 1849 447 1906 vestes
478 1862 654 1908 conversae
685 1851 797 1907 totum
828 1862 954 1925 corpus
987 1841 1102 1907 miseri
1132 1841 1281 1907 hominis

332 1944 544 2020 exurebant;
569 1942 743 2006 daemones
757 1942 906 2026 denique
925 1943 979 2006 ira
999 1941 1282 2007 incandescentes

332 2042 539 2108 tridentibus
567 2043 734 2127 uncisque
761 2042 881 2107 ferreis
910 2050 945 2108 et
972 2042 1092 2125 ignitis
1118 2041 1281 2107 miserum

331 2142 547 2207 membratim
564 2143 777 2226 discerpunt.
827 2143 927 2207 Unus
942 2150 1058 2207 autem
1076 2143 1185 2207 exeis
1206 2144 1281 2207 adi-

332 2264 410 2327 pem
428 2263 505 2307 oum
532 2244 608 2326 pice
632 2250 667 2309 et
683 2243 760 2308 aliis
779 2241 1025 2327 liquaminibus
1044 2243 1081 2307 in
1104 2244 1282 2326 sartagine

331 2343 478 2408 ferventi
507 2350 642 2409 torrens
671 2343 808 2426 singula
839 2345 992 2409 membra
1024 2343 1197 2426 discerpta
1225 2364 1279 2408 re-

331 2444 458 2527 spersit
472 2464 549 2508 cum
565 2443 625 2507 illo
644 2444 798 2526 unguine
819 2443 990 2521 bullienti,
1012 2452 1048 2508 et
1061 2430 1103 2506 ad
1127 2443 1284 2525 singulas

315 2545 499 2608 daemonis
521 2545 751 2627 responsiones
775 2545 928 2608 membra
950 2543 1130 2608 stridorem
1150 2543 1284 2609 emitte-

332 2645 429 2722 bant,
440 2644 538 2709 velut
549 2664 626 2709 cum
637 2663 729 2728 aqua
737 2643 863 2726 frigida
874 2643 1055 2729 projicitur
1065 2645 1101 2708 in
1112 2645 1282 2727 sanguine

332 2744 511 2823 bullienti;
546 2765 692 2827 cumque
717 2746 870 2809 membra
889 2745 939 2809 sic
958 2744 1146 2810 torrefacta
1169 2744 1282 2810 denuo

333 2843 435 2906 simul
461 2842 607 2908 fuissent
630 2844 885 2928 compaginata,
908 2846 1077 2929 superbus
1098 2844 1157 2908 ille
1181 2845 1284 2910 rediit

334 2943 369 3005 iu
384 2950 513 3007 statum
531 2942 687 3026 priorem.
744 2945 901 3026 Moxque
923 2945 965 3009 ad
990 2945 1152 3009 miserum
1167 2956 1283 3010 acces·

334 3050 453 3108 serunt
474 3042 693 3108 malleatores
720 3043 837 3108 herebi
859 3065 937 3112 cunr
958 3044 1092 3110 malleis
1115 3051 1152 3109 et
1173 3045 1284 3110 tribus

332 3142 469 3207 laminis
494 3143 612 3226 ignitis
636 3143 761 3228 triplici
790 3145 909 3209 ordine
943 3145 1104 3222 clavatis,
1129 3145 1285 3229 duasque

331 3238 478 3308 laminas
506 3244 542 3307 in
567 3244 730 3308 anteriori
755 3251 855 3331 parte
875 3245 1028 3328 corporis
1054 3245 1097 3310 ad
1123 3245 1284 3309 dextram

333 3350 368 3407 et
391 3343 434 3406 ad
457 3343 633 3408 sinistram
657 3344 898 3426 applicuerunt
921 3351 1048 3410 etcum
1070 3345 1180 3411 clavis
1202 3366 1285 3411 can-

333 3441 492 3507 dentibus
522 3444 706 3508 crudeliter
731 3464 809 3507 eum
835 3445 969 3510 malleis
989 3445 1195 3528 affixerunt3
1229 3447 1284 3513 hae

333 3550 449 3607 autem
468 3541 606 3607 laminae
628 3563 650 3608 a
675 3543 818 3627 pedibus
842 3546 1045 3628 incipientes
1067 3546 1284 3611 deduceban-

333 3650 391 3706 tur
421 3662 483 3726 per
505 3642 608 3707 tibias
634 3650 669 3709 et
691 3643 824 3708 femora
845 3645 1021 3729 usquead
1051 3645 1222 3724 humeros,
1248 3655 1284 3713 et

283 3762 289 3775 ·
331 3742 384 3807 ita
401 3744 675 3808 recurvabantur
696 3744 731 3807 in
750 3745 861 3826 collo;
884 3746 989 3811 tertia
1008 3766 1091 3810 vero
1111 3746 1242 3811 lamina
1262 3767 1285 3814 a

334 3842 544 3924 genitalibus
561 3843 729 3926 incipiens
746 3852 975 3928 pervenirem
995 3847 1162 3929 usquead
1178 3847 1285 3912 verti-

334 3962 407 4006 cem
432 3944 638 4026 attingebat.
691 3943 847 4029 Cumque
868 3944 972 4010 miser
987 3946 1047 4009 ille
1071 3947 1284 4031 praescriptis

334 4043 527 4107 diutissime
555 4043 765 4126 affligeretur
789 4047 981 4124 tormentis,
1009 4047 1222 4112 truculenter
1250 4049 1286 4113 in

334 4145 448 4213 sedem
466 4144 644 4227 pristinam
663 4145 949 4229 [retrudebatur],
967 4148 1002 4212 iu
1016 4167 1086 4231 qua
1102 4148 1286 4231 repositus,
