2858 4876
409 408 547 456 neonus
572 409 849 458 ursuonmuuu..
1035 394 1100 458 371

149 568 292 633 castello
310 576 346 633 et
363 575 438 632 tota
459 569 638 651 provincia
663 567 876 652 subjugavit.
930 567 1039 650 Hugo
1055 570 1098 633 de
1110 590 1166 630 nn.
1178 591 1232 629 nu.

151 668 292 733 Nevilla
314 669 357 732 ad
384 668 605 733 lodowicum
628 669 769 734 veniens
794 669 941 734 reddidit
964 670 996 733 ei
1020 689 1103 734 cas-.

150 769 268 833 tellum
293 770 336 833 de
361 769 576 854 Merleberge
600 777 635 833 et
655 768 853 851 homagium
879 770 972 835 fecit.
1024 770 1102 834 De·.

149 869 227 933 inde
250 870 294 933 ad
318 869 485 949 Hodiam‚
507 869 730 953 municipium
753 870 906 952 episcopi
923 871 1098 935 Wiutoni-

149 970 253 1047 ensis,
286 968 491 1035 Lodowicus
521 988 559 1034 se
589 971 767 1034 conferens
798 971 918 1033 turrim
950 970 1105 1035 obsedit..

150 1069 261 1133 Erant
279 1077 395 1134 autem
416 1071 453 1132 in
472 1089 514 1133 ea
532 1077 601 1134 tres
622 1077 756 1134 tantum
777 1069 903 1133 milites
927 1077 962 1133 et
979 1070 1096 1134 decem

149 1170 350 1248 servientes,
376 1170 436 1253 qui
462 1177 661 1234 constanter
686 1170 877 1234 defensioni
901 1172 1095 1250 vacabant3

150 1287 229 1333 nam
250 1271 305 1334 die
325 1271 429 1335 tertio
451 1278 637 1353 postquam
668 1270 892 1350 Francigenae
918 1270 1104 1334 machinas.

149 1390 231 1435 suas
267 1371 304 1434 in
336 1373 451 1435 orbem
486 1371 591 1434 turris
624 1371 851 1435 collocassent
883 1375 919 1434 et
946 1370 1097 1434 insultus

149 1471 333 1535 acerrimos
355 1478 391 1535 et
408 1472 546 1535 crebros
565 1470 740 1548 fecissent,
762 1470 922 1534 exierunt
943 1470 986 1533 de
1009 1472 1096 1534 turri

148 1569 231 1635 dicti
249 1578 318 1634 tres
339 1572 466 1636 milites
487 1577 523 1635 et
543 1577 596 1636 tot
617 1571 817 1647 servientes,
841 1579 946 1653 atque
970 1589 1015 1634 ex
1037 1571 1102 1634 ad..

149 1690 250 1735 versa
271 1677 370 1754 parte
393 1673 535 1736 totidem
559 1676 768 1756 occupantes
790 1670 916 1734 milites
940 1677 975 1735 et
992 1671 1097 1734 clien-

150 1772 299 1834 tessine
325 1771 379 1835 sui
405 1771 546 1837 laesione
572 1772 610 1836 in
631 1772 752 1835 turrim
779 1790 855 1834 sese
880 1778 1095 1852 receperunt.

149 1871 319 1954 Denique,
336 1873 517 1955 completis
530 1873 566 1936 in
583 1871 759 1936 obsidione
775 1877 854 1935 octo
870 1870 1002 1947 diebus,
1018 1870 1095 1934 red-

149 1971 309 2036 diderunt
337 1972 458 2036 turrim
489 1972 674 2037 Lodowico
701 1979 737 2043 et
764 1970 895 2052 egressi
924 1977 1006 2034 suut
1032 1990 1097 2033 nu·

149 2091 242 2135 mero
260 2072 423 2137 tredecim
439 2080 588 2150 tantum,
606 2072 713 2136 salvis
733 2072 798 2135 sibi
814 2071 912 2154 equis
927 2077 963 2134 et
979 2071 1102 2147 armis,

148 2171 183 2234 in
212 2191 339 2254 magna
365 2173 592 2237 admiratione
624 2172 847 2236 Francorum.
876 2173 877 2176 ’
910 2171 1097 2236 Cesserunt

146 2271 253 2359 igitur
275 2273 310 2337 in
336 2279 545 2356 potestatem
570 2272 744 2337 Lodowici
767 2291 885 2336 omnes
908 2270 1096 2354 provinciae

148 2372 329 2450 australes,
362 2380 489 2457 praeter
523 2373 599 2437 sola
630 2372 774 2437 castella
808 2372 850 2435 de
886 2371 1027 2435 Dovera
1061 2379 1097 2436 et

147 2471 420 2551 Windleshores,
442 2493 521 2558 quae
544 2473 673 2555 optime
697 2471 864 2537 militibus
891 2471 1026 2535 munita
1051 2472 1096 2535 ad

149 2570 324 2639 Lodowici
347 2592 423 2638 sese
446 2573 693 2656 praeparabant
715 2573 913 2636 adventum.
955 2571 1096 2635 Interea

147 2671 344 2738 Willelmus
368 2674 410 2737 de
435 2673 661 2749 Mandevilla,
691 2672 866 2736 Robertus
891 2670 1095 2735 filius-Wal-

150 2773 215 2837 teri
238 2779 274 2837 et
293 2773 491 2838 Willelmus
519 2774 561 2838 de
589 2771 854 2854 Huutingefeld,
877 2771 914 2835 in
939 2770 1096 2834 multitu-

149 2872 227 2936 dine
258 2874 357 2955 gravi
386 2874 534 2938 militum
566 2882 601 2939 et
627 2874 802 2949 clientum,
831 2871 1027 2955 provincias
1053 2870 1096 2934 de

148 2971 296 3037 Estsexe
320 2981 354 3038 et
379 2974 422 3037 de
451 2975 608 3039 Suthfolc
635 2974 820 3038 Lodowico
850 2971 1094 3054 subjugarunt.

149 3072 246 3137 Inter
266 3072 340 3138 haee
361 3075 477 3137 omnia
497 3095 558 3138 rex
576 3074 600 3138 J
603 3073 755 3138 ohannes
772 3065 932 3136 ¹casteila
952 3071 995 3135 de
1010 3070 1097 3135 Wa-

148 3171 330 3254 lingeford,
351 3174 393 3237 de
416 3173 512 3251 Cori,
533 3174 575 3237 de
591 3172 770 3249 Warham,
790 3173 833 3235 de
856 3170 1034 3248 Bristollo,
1053 3172 1096 3233 de

149 3272 294 3351 Divisis,
327 3282 363 3338 et
391 3275 472 3351 alia,
501 3293 580 3363 quae
611 3274 751 3353 longum
783 3279 836 3336 est
866 3271 1105 3347 dinumerare,

148 3372 325 3451 militibus,
347 3375 555 3439 victualibus
582 3381 617 3438 et
630 3373 744 3437 armis
768 3372 897 3454 optime
922 3371 1080 3434 munivit.

301 3547 388 3628 aare
401 3547 507 3612 nautii
522 3546 680 3625 liodoald
696 3548 801 3611 Rome
818 3545 946 3632 perlat.

212 3671 316 3738 Circa
346 3672 419 3737 dies
456 3671 542 3737 istos
575 3654 689 3736 nuntii
717 3669 906 3748 Lodowici,
934 3688 1021 3753 quos
1053 3667 1236 3730 adttrrountot

1107 3724 1144 3763 the
1152 3721 1248 3772 proceed-

149 3774 280 3837 curiam
316 3773 511 3837 Romanam
552 3773 703 3848 miserat,
738 3772 848 3836 eidem
885 3769 1258 3863 scripseruntpggggssgfflg’

148 3875 212 3936 sub
242 3873 308 3937 hac
336 3873 471 3953 sorma3
504 3871 832 3937 ‘Excellentissimo
862 3871 999 3934 domino
1032 3874 1212 3932 suostssome·

176 4046 193 4082 '¹
207 4054 314 4102 Castalia
333 4054 362 4102 de
386 4052 564 4116 Wnlingeford,
581 4053 610 4101 de
639 4056 697 4114 189,
708 4054 734 4102 b.
746 4052 830 4101 where
847 4064 890 4099 are
902 4049 973 4097 writs
989 4046 1097 4107 relating

150 4123 218 4187 Cory]
231 4159 238 4174 .
251 4160 258 4175 .
272 4159 279 4174 .
291 4124 320 4172 de
337 4117 459 4191 Divisis]
484 4123 609 4185 Compare
636 4127 663 4172 to
679 4123 723 4172 the
735 4120 892 4184 garrisoniug
902 4118 946 4166 tha
963 4116 1054 4166 castles
1070 4114 1100 4163 oi

149 4194 242 4243 Patent
259 4194 342 4255 Rode,
357 4197 466 4258 palm,
476 4196 503 4245 b.
515 4197 572 4256 187,
582 4195 608 4243 b.
626 4191 815 4255 wallingford,
823 4187 908 4251 Gorie,
916 4186 967 4236 aud
978 4185 1096 4234 Devizes.

922 4292 992 4338 21³2
