2858 4876
417 404 557 455 letlts
579 404 852 454 nrsronrsrnu.
1040 390 1107 456 203
1188 397 1194 406 '

158 565 274 631 orbem
293 562 444 643 confixa,
466 572 503 629 et
523 578 628 648 super
650 565 792 632 dorsum
812 565 1004 649 peccatoris
1032 580 1107 631 eam
1121 582 1176 623 en·
1188 583 1245 622 ¹²⁰⁶·

158 665 370 731 truculenter
408 665 627 731 revolventes
666 666 807 730 dorsum
838 672 952 731 totum
989 669 1109 732 crebro
1121 633 1240 724 ffifflff

159 773 195 830 et
216 765 407 831 flammanti
437 772 556 830 rotatu
586 767 838 844 contriverunt,
870 784 1110 849 nummosque,

159 884 328 950 quesere
352 865 463 930 hianti
488 867 688 948 angustiese
713 866 958 949 deglutiverat,
980 884 1111 950 angues

159 965 282 1032 tiesius
303 984 366 1050 per
385 966 553 1030 vomitum
575 966 718 1051 rejicere
739 966 998 1050 compulerunt3
1021 986 1111 1051 qnos

161 1086 238 1131 cum
261 1066 483 1144 evomuisset,
500 1065 608 1149 jussit
632 1085 692 1130 eos
716 1066 880 1149 colligere
902 1062 1048 1145 daemon,
1071 1074 1111 1132 ut

161 1166 204 1231 de
232 1166 301 1231 illis
333 1165 438 1230 simili
468 1166 571 1231 modo
598 1166 725 1231 iterum
756 1167 956 1247 cibaretnr;
989 1175 1111 1251 postea

162 1285 242 1331 vero
272 1265 420 1331 ministri
448 1267 592 1331 tartarei
623 1267 661 1330 in
687 1267 840 1331 furorem
871 1267 964 1332 versi
995 1268 1112 1332 omnia

162 1384 240 1450 quae
262 1365 462 1455 supradicta
482 1373 565 1431 snut
584 1373 757 1431 tormenta
778 1367 814 1430 in
837 1387 914 1431 eum
938 1368 1111 1450 expcnde·

163 1474 254 1531 runt.
306 1466 408 1530 Uxor
436 1485 519 1531 vero
546 1464 623 1552 ejus
654 1466 690 1529 in
716 1466 797 1531 sede
821 1468 971 1550 quadam
1000 1469 1113 1551 ignita

162 1572 197 1632 et
218 1567 378 1632 aculeata
397 1584 594 1650 compressa
615 1566 770 1645 sedebat,
792 1586 835 1631 eo
858 1568 950 1651 quod
976 1567 1012 1632 in
1034 1568 1112 1652 plu-

163 1667 257 1732 ribus
281 1666 436 1732 ecclesiis
462 1686 526 1750 pro
551 1666 703 1750 quodam
726 1665 856 1732 annulo
877 1669 1113 1733 excommuni-

162 1767 235 1832 cari
254 1766 395 1845 fecerat,
412 1786 515 1851 quem
534 1768 572 1832 in
594 1768 721 1832 scrinio
743 1786 807 1832 suo
827 1769 1030 1851 ignoranter
1050 1788 1113 1851 pe·

163 1875 280 1933 suerat
304 1874 340 1932 ct
366 1867 520 1932 furatum
550 1885 628 1932 esse
658 1867 816 1947 dicebat3
850 1887 873 1932 a
901 1887 971 1951 qno
1002 1876 1113 1934 trans·

164 1968 350 2050 gressionis
377 1968 514 2051 piaculo
548 1987 725 2051 nunquam
753 1968 868 2033 fuerat
898 1969 1115 2046 absolutae

163 2068 247 2134 dirae
265 2068 386 2134 mertis
408 2069 524 2133 subita
548 2069 756 2134 necessitate
776 2075 964 2159 praeventa.

428 2243 477 2307 Dc
493 2241 636 2307 adultere
652 2252 680 2308 ct
696 2241 853 2308 adultera.

213 2363 397 2431 Adductus
425 2373 479 2431 est
504 2373 585 2449 pest
612 2365 711 2431 illum
734 2366 778 2430 ad
803 2367 1036 2450 spectaculum
1060 2367 1115 2430 su·

164 2467 331 2531 riesornm
361 2465 555 2531 daemonum
580 2466 718 2532 adulter
743 2484 821 2531 cum
846 2466 1015 2544 adultera,
1043 2468 1115 2551 qui,

164 2566 259 2631 foeda
275 2564 405 2649 pariter
421 2567 600 2650 conjuncti
614 2567 753 2651 copula,
768 2567 985 2651 turpissimos
1000 2574 1115 2632 motus

165 2685 330 2732 venereos
365 2671 556 2750 gestusque
591 2667 783 2751 impudicos
813 2686 890 2731 cum
923 2668 1033 2731 multa
1062 2666 1116 2730 sui

86 2752 97 2767 ’
165 2767 366 2835 contusione
398 2785 440 2830 ac
469 2765 666 2831 daemonum
700 2767 967 2850 exprobratione
1000 2767 1116 2850 palam

166 2867 324 2932 omuibus
348 2866 580 2950 replicarunt3
603 2867 738 2945 deinde,
760 2867 860 2950 quasi
886 2868 921 2931 in
946 2867 1117 2932 insaniam

166 2967 269 3046 versi,
284 2966 482 3031 alternatim
499 2986 538 3031 se
552 2967 763 3032 corrodendo
775 2967 987 3045 lacerabant,
1003 2966 1117 3030 illum·

166 3086 232 3150 que
258 3066 510 3151 superficialem
539 3085 704 3146 amorem,
732 3087 837 3151 quem
864 3068 962 3150 prins
991 3065 1117 3131 habere

167 3166 385 3245 videbantur,
413 3167 451 3231 in
481 3167 721 3233 crudelitatem
756 3173 1056 3231 commutaverunt
1081 3174 1117 3231 et

166 3267 309 3348 edium3
339 3267 559 3350 postmodnm
587 3286 683 3346 vero,
717 3268 878 3331 membris
909 3267 1067 3331 omnibus
1096 3285 1118 3330 a

168 3368 271 3433 turba
296 3366 429 3431 furiosa
457 3366 628 3445 dissectis,
654 3386 794 3451 poenam
823 3368 936 3431 sortiti
964 3373 1046 3431 sunt
1072 3366 1119 3430 si-

166 3467 281 3532 milem
315 3466 571 3550 praedictorum.
634 3466 810 3531 Similibus
840 3473 956 3530 autem
987 3485 1117 3545 omnes,

166 3567 226 3651 qui
245 3564 402 3645 aderant,
420 3565 646 3632 fornicatores
668 3566 909 3648 affligebantur
925 3567 1118 3643 tormentis,

165 3686 244 3752 quae
268 3686 332 3751 pro
356 3666 411 3759 sui
436 3667 686 3750 suppliciorum
714 3667 930 3731 immanitate
957 3667 1118 3749 scriptori

167 3768 341 3833 silentium
357 3767 552 3850 imponunt.

497 3943 547 4008 Dc
562 3940 794 4008 detractoribus.
910 3906 921 3918 ·

232 4069 331 4134 Inter
359 4068 446 4133 alios
470 4087 608 4152 qnoque
635 4067 780 4131 miseros
805 4065 875 4131 dno
902 4066 945 4130 de
971 4065 1118 4147 collegio

168 4171 400 4237 detractorum
430 4168 466 4234 in
496 4168 645 4233 medium
679 4174 760 4232 sunt
794 4166 946 4245 adducti,
972 4184 1119 4249 quornm
