2858 4876
312 395 378 461 252
568 410 702 458 nouum
727 408 774 456 ne
797 408 1005 457 wunooven

152 590 206 630 ao.
219 591 274 629 121³.
313 572 358 634 ab
380 569 574 634 hominibus
597 568 839 633 ecciesiasticis
862 575 989 651 praeter
1005 566 1102 647 regui
1120 566 1266 629 'consuea

313 670 466 734 tudinem
490 678 526 734 et
547 670 701 734 ecclesiae
724 670 930 732 libertatem.
983 667 1021 730 Si
1047 686 1130 730 vero
1161 684 1266 747 super

314 770 447 835 damnis
480 770 536 835 vol
566 769 703 846 ablatio,
736 776 797 833 aut
828 785 946 832 eorum
981 767 1176 848 quantitate
1209 763 1266 829 vel

314 871 555 946 aestimatione,
573 869 720 952 quaestio
738 867 842 933 suerit
856 868 899 930 de
919 867 1012 932 facto
1033 864 1186 943 suborta,
1205 884 1267 947 per

312 969 468 1052 legatum
497 970 553 1034 vel
587 969 782 1050 delegatum
819 967 948 1032 domini
981 985 1083 1049 papae
1116 963 1266 1048 receptis

313 1070 574 1152 probationibus
597 1068 823 1147 terminatum
858 1075 906 1145 et,
932 1067 987 1131 his
1013 1067 1172 1131 omnibus
1200 1065 1267 1128 rite

314 1171 475 1252 peractis
502 1169 717 1233 relaxabitur
748 1169 921 1232 sententia
953 1166 1139 1249 interdicti.
1198 1165 1266 1228 Sua

314 1289 376 1351 per
401 1271 536 1334 caeteris
561 1273 676 1332 autem
705 1268 866 1350 capitulis
890 1269 919 1331 si
946 1287 1024 1351 quae
1049 1267 1176 1330 suerint
1201 1264 1266 1328 du·

314 1369 500 1433 bitationes
536 1369 700 1444 subortae,
739 1369 781 1432 de
819 1368 944 1450 quibus
982 1367 1105 1430 merito
1142 1366 1268 1429 debeat

314 1469 477 1546 dubitari,
498 1469 564 1533 nisi
586 1489 648 1552 per
669 1468 823 1550 legatum
841 1468 898 1532 vel
918 1468 1114 1549 delegatum
1136 1467 1268 1530 domini

314 1570 415 1652 papae
447 1569 489 1632 de
521 1570 671 1652 partium
698 1568 825 1633 suerint
847 1568 1029 1632 voluntate
1057 1567 1192 1649 sopitae,
1222 1567 1267 1630 ad

314 1669 423 1751 ipsius
452 1668 647 1732 referantur
674 1669 865 1745 arbitrium,
896 1675 936 1733 ut
962 1667 1157 1751 superbis,
1188 1687 1268 1750 quae

315 1769 389 1850 ipse
407 1768 608 1846 decreverit,
620 1769 868 1832 observentur·
904 1767 1010 1831 Teste
1026 1767 1158 1849 meipso
1174 1767 1268 1850 apud

315 1864 492 1933 Doveram
524 1868 656 1932 decimo
683 1869 786 1932 tertio
820 1868 874 1931 die
907 1867 1007 1947 Maii,
1039 1886 1131 1931 auno
1168 1869 1268 1951 regni

317 1969 426 2033 nostri
444 1968 577 2032 decimo
595 1968 743 2052 quarto!

336 2143 487 2224 Quomodo
500 2165 554 2207 raa
568 2143 741 2230 Aoploram
755 2142 912 2207 Jotooaao
927 2161 1069 2206 aaronem
1083 2150 1111 2206 at
1126 2161 1253 2226 raptatam

384 2244 509 2330 Aapia'ae
522 2245 558 2309 io
571 2265 682 2308 manas
697 2242 872 2308 Ioaoaaata'i
879 2263 976 2327 popa
990 2243 1203 2328 rasiyooaera’t.

154 2385 211 2474 pun
224 2383 306 2434 restans
369 2369 502 2446 Rebus,
518 2375 557 2431 ut
574 2368 649 2451 jam
667 2367 796 2431 dictum
813 2374 879 2445 est,
896 2367 1080 2449 expeditis,
1099 2387 1271 2432 couvene-

156 2445 287 2575 ῑιῖῗοοῖῗιέηᾱ
319 2476 400 2533 runt
426 2470 550 2532 iterum
573 2489 636 2532 rex
656 2465 852 2550 Anglorum
877 2475 911 2531 et
933 2467 1161 2549 Panduiphus
1190 2487 1269 2532 cum

154 2547 224 2586 μ’μ’
245 2546 271 2574 ⁸¹¹
288 2544 305 2574 ⁸'
320 2569 519 2651 proceribus
547 2569 644 2650 regni
669 2568 762 2650 apud
793 2569 933 2631 domum
961 2568 1108 2631 militum
1132 2568 1271 2651 Templi

314 2668 422 2752 juxta
444 2669 618 2733 Doveram
640 2669 772 2732 decimo
801 2669 922 2749 quinto
949 2669 1004 2732 die
1029 2668 1126 2742 Maii,
1155 2668 1191 2730 in
1217 2669 1268 2732 vi·

318 2768 403 2850 gilia
433 2768 565 2832 scilicet
593 2766 828 2844 AsconsioniS‚
863 2768 921 2831 ubi
950 2768 1040 2831 idem
1067 2788 1139 2846 rex,
1164 2768 1272 2851 juxta

320 2867 411 2950 quod
436 2867 559 2931 Romae
585 2868 698 2932 suerat
719 2869 978 2943 sententiatum,
1001 2869 1191 2949 resignavit
1214 2888 1273 2932 co·

319 2988 439 3031 ronam
463 2987 560 3031 suam
584 2988 661 3031 cum
684 2969 800 3050 regnis
814 2965 954 3049 Angliae
976 2975 1011 3031 et
1033 2967 1211 3032 Hiberniae
1235 2969 1271 3031 in

320 3087 442 3132 manus
472 3067 600 3131 domini
629 3087 742 3151 papae,
773 3067 872 3151 cujus
898 3074 981 3130 tunc
1008 3067 1101 3131 vices
1126 3069 1270 3149 gerebat

321 3168 547 3251 Pandulphus
572 3175 790 3232 memoratus.
845 3167 955 3232 Facta
976 3174 1092 3230 autem
1115 3169 1274 3250 resigna-

321 3270 427 3346 tione,
456 3268 549 3332 dedit
581 3287 681 3350 papae
711 3267 847 3351 atejus
879 3268 1135 3331 successoribus
1165 3287 1275 3350 regna

322 3369 499 3452 praedicta,
530 3387 608 3449 quae
638 3374 674 3431 et
705 3367 827 3432 charta
865 3368 1060 3451 subscripta
1092 3369 1276 3432 confirma-

322 3470 396 3548 vit;
423 3463 450 3503 ¹‘
462 3469 484 3533 J
488 3468 654 3544 ohannes
673 3468 740 3531 Dei
762 3467 877 3550 gratia
895 3488 958 3532 rex
978 3466 1129 3549 Angliae‚
1152 3476 1187 3532 et
1203 3488 1273 3532 cae-

323 3577 408 3646 tera,
431 3569 587 3631 omnibus
607 3566 738 3632 Christi
762 3568 919 3631 fidelibus
940 3568 1030 3631 hanc
1047 3567 1202 3632 chartam
1223 3569 1277 3632 in-

324 3670 505 3750 spectum,
520 3668 668 3732 salutem
688 3669 724 3731 in
744 3668 906 3733 Domino.
954 3668 1183 3733 Universitati
1197 3689 1277 3733 ves-

325 3777 388 3832 trae
421 3788 483 3849 per
517 3768 606 3832 hanc
638 3768 793 3832 chartam
820 3768 934 3850 sigillo
964 3776 1083 3832 nostro
1106 3771 1276 3834 munitam

324 3869 484 3933 volumus
501 3887 576 3931 osso
594 3876 726 3946 notum,
743 3868 834 3950 quod
853 3888 931 3932 cum
948 3868 1062 3932 Deum
1077 3875 1112 3932 et
1129 3876 1275 3934 matrem

326 3976 477 4033 nostram
494 3967 673 4031 ecclesiam
689 3977 844 4033 sanctam
869 3969 1109 4032 offenderimus
1131 3970 1168 4032 in
1185 3972 1276 4034 mul-

327 4213 332 4223 ι
359 4136 520 4257 'inltpoorsd
538 4139 661 4200 Compare
678 4140 720 4188 the
737 4157 801 4203 copy
813 4140 874 4189 from
891 4140 933 4189 the
951 4141 1050 4192 Cotton.
1064 4141 1121 4192 MS.
1134 4142 1159 4190 in
1172 4142 1278 4206 Rymer,

326 4228 342 4260 r.
355 4227 381 4272 p.
444 4245 450 4258 .
