2858 4876
310 381 375 444 328
558 396 690 443 uocum
715 394 762 440 un
785 392 992 441 wnuuovun

149 570 270 610 snum
310 553 462 617 cessistis
485 552 528 615 ad
551 551 692 629 factum,
715 552 797 634 quin
819 569 949 626 omnes,
969 550 1029 632 qui
1050 549 1134 613 illud
1159 549 1258 612 audi-

310 661 385 730 unt,
403 652 504 736 quasi
519 651 652 715 facinus
671 651 897 725 detestantur,
915 650 1107 732 praesertim
1125 668 1202 712 cum
1222 649 1259 711 in

311 771 417 816 causa
447 758 564 816 vestra
593 770 654 816 vos
685 752 779 834 ipsos
805 749 940 835 judices
974 757 1010 813 et
1036 757 1258 813 exsecutores

310 852 472 929 feceritis,
498 852 617 915 eodem
641 870 722 932 rege
743 857 866 933 parato
889 851 925 913 in
952 849 1048 914 curia
1070 868 1134 912 sua
1159 849 1259 914 vobis

311 972 374 1034 per
397 971 497 1034 pares
523 957 657 1015 vestros
684 951 870 1013 secundum
893 950 989 1031 leges
1016 956 1051 1013 et
1072 955 1258 1012 cousuetu-

311 1051 408 1114 dines
430 1051 528 1132 regui
551 1050 699 1134 justitiae
728 1049 975 1132 plenitudinem
1005 1048 1179 1125 exhibere,
1202 1047 1259 1111 vel

312 1170 428 1215 coram
447 1151 558 1226 nobis,
577 1149 619 1213 ad
640 1169 740 1232 quem
762 1149 866 1233 hujus
889 1167 1004 1212 causae
1017 1148 1187 1231 judicium
1204 1167 1261 1210 ra-

313 1251 406 1314 tione
429 1249 568 1313 dominii
589 1250 749 1332 pertinet,
767 1249 822 1313 vel
843 1249 947 1312 etiam
971 1267 1086 1311 coram
1107 1248 1259 1324 arbitrie,

313 1348 480 1431 eligendis
498 1348 577 1412 hinc
597 1349 688 1426 inde,
710 1368 780 1413 una
799 1348 977 1412 nobiscum
999 1348 1035 1410 in
1057 1347 1133 1429 ipso
1151 1367 1259 1429 nego-

300 1449 362 1536 'tio
381 1448 604 1532 processuris
653 1447 766 1525 Unde,
784 1468 861 1512 cum
880 1447 964 1510 nihil
984 1447 1106 1511 horum
1125 1446 1260 1529 dignati

312 1548 447 1612 fueritis
473 1552 692 1630 attemptare,
718 1547 761 1612 ad
787 1555 940 1612 nostram
962 1547 1170 1611 audientiam
1197 1566 1260 1628 ap-

239 1632 243 1639 ’
313 1647 469 1730 pellavit,
492 1649 643 1730 seipsum
672 1667 712 1711 ac
739 1669 882 1730 regnum
909 1667 986 1711 cum
1012 1647 1105 1711 omni
1130 1647 1260 1710 honore

314 1767 354 1810 ac
376 1748 457 1832 jure
484 1767 548 1811 suo
571 1748 770 1830 apostolicae
800 1747 1007 1830 protectioni
1035 1766 1259 1829 supponens;

313 1847 449 1929 publice
479 1848 715 1929 protestando,
742 1848 845 1930 quod,
873 1867 951 1910 cum
978 1846 1131 1931 ejusdem
1162 1847 1262 1928 regui

313 1947 501 2010 dominium
515 1947 558 2010 ad
572 1947 766 2010 Romanam
777 1947 955 2011 ecclesiam
972 1948 1171 2028 pertineret,
1186 1948 1263 2028 ipse

315 2066 377 2110 uec
396 2054 533 2128 poterat
549 2067 612 2110 nec
629 2047 776 2111 debebat
792 2048 975 2129 quicquam
991 2046 1034 2109 de
1051 2047 1110 2110 illo
1127 2047 1164 2109 in
1180 2067 1262 2110 nos·

315 2153 404 2208 trum
433 2146 669 2230 praejudicium
702 2138 895 2210 immutare.
948 2146 1036 2210 Cum
1061 2147 1169 2226 igitur
1199 2147 1262 2210 illa

314 2247 518 2327 compositio
534 2247 770 2328 qualisqualis
794 2248 837 2309 ad
854 2266 958 2328 quam
975 2266 1036 2328 per
1052 2247 1123 2309 vim
1138 2253 1173 2309 et
1188 2267 1262 2310 me·

314 2353 387 2408 tum
420 2345 605 2409 induxistis
637 2348 794 2423 eundem,
822 2367 889 2410 uon
921 2346 1032 2409 solum
1060 2347 1107 2409 sit
1122 2346 1203 2409 vilis
1227 2354 1262 2410 et

314 2445 438 2527 turpiS,
458 2466 576 2510 verum
602 2447 706 2509 etiam
728 2447 851 2509 illicita
874 2455 908 2510 et.
927 2445 1057 2528 iniqua,
1077 2454 1117 2509 ut
1137 2447 1261 2510 merito

313 2546 360 2608 sit
378 2547 421 2608 ab
438 2546 596 2610 omnibus
616 2547 842 2629 reprobanda,
860 2547 1009 2608 maxime
1031 2553 1174 2628 propter
1189 2566 1263 2610 rno-

315 2644 406 2720 dum,
430 2665 505 2722 nos,
528 2645 587 2726 qui
606 2653 676 2708 tam
700 2646 775 2727 regi
793 2665 896 2727 quam
920 2665 1027 2727 reguo
1048 2653 1205 2708 tenemur
1226 2652 1262 2709 et

312 2743 541 2825 spiritualiter
563 2752 598 2807 et
619 2746 854 2828 temporaliter
877 2746 1069 2827 providere,
1092 2765 1154 2826 per
1176 2765 1262 2828 apo·

315 2843 438 2905 stolica
460 2844 557 2906 vobis
587 2845 716 2927 scripta
744 2844 975 2927 praecipiendo
1002 2844 1205 2908 mandamus
1229 2853 1264 2909 et

317 2943 351 3004 in
380 2949 474 3004 recta
496 2942 562 3006 fide
587 2945 809 3022 consulimus,
836 2951 1006 3026 quatenus
1031 2944 1197 3008 facientes
1220 2945 1263 3010 de

316 3042 520 3105 necessitate
565 3043 728 3106 virtutem
777 3045 980 3108 renuntietis
1023 3046 1264 3126 compositioni

317 3140 512 3224 hujusmodi
545 3163 606 3225 per
628 3163 690 3206 vos
714 3144 821 3226 ipsos,
848 3151 883 3207 et
906 3143 1128 3206 satisfaciatis
1152 3144 1262 3208 eidem

317 3241 390 3322 regi
415 3260 456 3303 ac
484 3243 555 3304 suis
580 3243 623 3305 de
650 3242 784 3306 damnis
813 3251 848 3306 et
869 3242 1003 3325 injuriis
1027 3244 1200 3325 irrogatis,
1226 3252 1264 3308 ut

316 3339 406 3402 idem
431 3361 492 3403 rex
513 3362 575 3424 per
590 3342 772 3406 manifesta
794 3342 986 3406 devotionis
1006 3349 1041 3406 et
1058 3342 1287 3429 humilitatisd

318 3439 445 3502 indicia
469 3441 627 3521 placatus
651 3461 672 3504 a
695 3442 792 3506 vobis
824 3463 886 3524 per
914 3442 1065 3524 seipsum
1093 3444 1264 3522 emendet,

317 3539 478 3620 quicquid
505 3541 547 3602 de
569 3541 649 3623 jure
677 3540 779 3606 fuerit
799 3542 1076 3620 concedendum3
1101 3542 1145 3605 ad
1171 3543 1264 3624 quod

317 3639 420 3702 etiam
448 3647 483 3702 et
506 3660 569 3703 nos
595 3641 706 3722 ipsum
739 3640 921 3705 efficaciter
944 3641 1157 3720 inducemus
1180 3663 1265 3724 quo·

317 3738 423 3815 niam,
450 3739 540 3803 sicut
561 3740 719 3803 uolumus
743 3742 835 3823 quod
859 3743 933 3824 ipse
956 3761 1020 3805 suo
1043 3741 1123 3826 jure
1149 3744 1264 3824 prive-

319 3844 386 3914 tur,
421 3837 471 3901 ita
500 3840 658 3903 volumus
688 3847 727 3904 ut
758 3842 831 3923 ipse
865 3860 885 3904 a
918 3842 1118 3922 gravamine
1148 3849 1265 3907 vestro

318 3937 475 4014 desistat,
504 3959 546 4002 ue
574 3959 635 4021 per
657 3941 919 4005 consuetudines
947 3960 1073 4023 pravas
1102 3949 1137 4005 et
1159 3963 1265 4007 exac-

318 4037 428 4099 tiones
450 4038 587 4121 iniquas
614 4042 678 4103 sub
705 4048 824 4104 nostro
848 4027 998 4104 dominio
1025 4061 1168 4121 regnum
1189 4041 1265 4106 An-

318 4135 397 4213 gliae
423 4141 658 4220 opprimatur3
676 4140 825 4222 xeritque
857 4141 990 4204 firmum
1020 4148 1054 4204 et
1076 4141 1200 4206 stabile
1229 4144 1264 4207 in
