<?xml version="1.0" encoding="UTF-8"?>
<!DOCTYPE html PUBLIC "-//W3C//DTD XHTML 1.0 Transitional//EN"
    "http://www.w3.org/TR/xhtml1/DTD/xhtml1-transitional.dtd">
<html xmlns="http://www.w3.org/1999/xhtml" xml:lang="en" lang="en">
 <head>
  <title>
</title>
<meta http-equiv="Content-Type" content="text/html;charset=utf-8" />
  <meta name='ocr-system' content='tesseract 3.04.00' />
  <meta name='ocr-capabilities' content='ocr_page ocr_carea ocr_par ocr_line ocrx_word'/>
</head>
<body>
  <div class='ocr_page' id='page_1' title='image "./rogeridewendove06rogegoog_0073.png"; bbox 0 0 2858 4876; ppageno 0'>
   <div class='ocr_carea' id='block_1_1' title="bbox 350 397 1040 462">
    <p class='ocr_par' dir='ltr' id='par_1_1' title="bbox 350 397 1040 462">
     <span class='ocr_line' id='line_1_1' title="bbox 350 397 1040 462; baseline -0.006 0"><span class='ocrx_word' id='word_1_1' title='bbox 350 397 395 462; x_wconf 86' lang='grc'>64</span> <span class='ocrx_word' id='word_1_2' title='bbox 605 414 739 462; x_wconf 83' lang='lat' dir='ltr'>nouum</span> <span class='ocrx_word' id='word_1_3' title='bbox 763 413 810 460; x_wconf 87' lang='lat' dir='ltr'>uu</span> <span class='ocrx_word' id='word_1_4' title='bbox 833 411 1040 461; x_wconf 80' lang='lat' dir='ltr'>wuuoovun</span> 
     </span>
    </p>
   </div>
   <div class='ocr_carea' id='block_1_2' title="bbox 192 565 1326 3631">
    <p class='ocr_par' dir='ltr' id='par_1_2' title="bbox 192 565 1326 3631">
     <span class='ocr_line' id='line_1_2' title="bbox 192 565 1320 654; baseline 0 -21"><span class='ocrx_word' id='word_1_5' title='bbox 192 592 246 634; x_wconf 75' lang='lat' dir='ltr'>sn.</span> <span class='ocrx_word' id='word_1_6' title='bbox 258 594 314 634; x_wconf 82' lang='lat' dir='ltr'>nu.</span> <span class='ocrx_word' id='word_1_7' title='bbox 352 578 556 649; x_wconf 90' lang='lat' dir='ltr'>moraretur,</span> <span class='ocrx_word' id='word_1_8' title='bbox 573 571 713 654; x_wconf 90' lang='lat' dir='ltr'>quidam</span> <span class='ocrx_word' id='word_1_9' title='bbox 730 565 886 635; x_wconf 91' lang='lat' dir='ltr'>¹m0rbus</span> <span class='ocrx_word' id='word_1_10' title='bbox 898 570 1043 654; x_wconf 83' lang='lat' dir='ltr'><strong>pestifer</strong></span> <span class='ocrx_word' id='word_1_11' title='bbox 1059 590 1104 634; x_wconf 88' lang='lat' dir='ltr'>ex</span> <span class='ocrx_word' id='word_1_12' title='bbox 1120 570 1216 634; x_wconf 88' lang='lat' dir='ltr'>aeris</span> <span class='ocrx_word' id='word_1_13' title='bbox 1233 589 1320 634; x_wconf 60' lang='lat' dir='ltr'>cor-0</span> 
     </span>
     <span class='ocr_line' id='line_1_3' title="bbox 353 670 1319 754; baseline 0 -19"><span class='ocrx_word' id='word_1_14' title='bbox 353 672 513 754; x_wconf 91' lang='lat' dir='ltr'>ruptione</span> <span class='ocrx_word' id='word_1_15' title='bbox 535 673 739 754; x_wconf 83' lang='lat' dir='ltr'><strong>proveniens</strong></span> <span class='ocrx_word' id='word_1_16' title='bbox 760 672 874 754; x_wconf 89' lang='lat' dir='ltr'>ipsum</span> <span class='ocrx_word' id='word_1_17' title='bbox 896 690 1013 753; x_wconf 88' lang='lat' dir='ltr'>regem</span> <span class='ocrx_word' id='word_1_18' title='bbox 1035 678 1072 735; x_wconf 90' lang='lat' dir='ltr'>et</span> <span class='ocrx_word' id='word_1_19' title='bbox 1092 689 1215 735; x_wconf 91' lang='lat' dir='ltr'>omnes</span> <span class='ocrx_word' id='word_1_20' title='bbox 1239 670 1319 735; x_wconf 81' lang='lat' dir='ltr'>fere</span> 
     </span>
     <span class='ocr_line' id='line_1_4' title="bbox 353 770 1315 854; baseline -0.001 -20"><span class='ocrx_word' id='word_1_21' title='bbox 353 791 435 835; x_wconf 90' lang='lat' dir='ltr'>suos</span> <span class='ocrx_word' id='word_1_22' title='bbox 452 771 643 854; x_wconf 85' lang='lat' dir='ltr'>perniciose</span> <span class='ocrx_word' id='word_1_23' title='bbox 658 771 807 851; x_wconf 86' lang='lat' dir='ltr'>invasit3</span> <span class='ocrx_word' id='word_1_24' title='bbox 828 777 864 834; x_wconf 91' lang='lat' dir='ltr'>et</span> <span class='ocrx_word' id='word_1_25' title='bbox 879 777 1052 853; x_wconf 89' lang='lat' dir='ltr'><strong>quotquot</strong></span> <span class='ocrx_word' id='word_1_26' title='bbox 1067 790 1112 834; x_wconf 83' lang='lat' dir='ltr'>ex</span> <span class='ocrx_word' id='word_1_27' title='bbox 1127 770 1193 834; x_wconf 91' lang='lat' dir='ltr'>hac</span> <span class='ocrx_word' id='word_1_28' title='bbox 1213 790 1315 834; x_wconf 90' lang='lat' dir='ltr'>mor-</span> 
     </span>
     <span class='ocr_line' id='line_1_5' title="bbox 353 869 1315 952; baseline 0.001 -19"><span class='ocrx_word' id='word_1_29' title='bbox 353 870 389 934; x_wconf 90' lang='lat' dir='ltr'>bi</span> <span class='ocrx_word' id='word_1_30' title='bbox 416 870 624 950; x_wconf 82' lang='lat' dir='ltr'>contagione</span> <span class='ocrx_word' id='word_1_31' title='bbox 658 871 813 952; x_wconf 84' lang='lat' dir='ltr'>percussi</span> <span class='ocrx_word' id='word_1_32' title='bbox 840 877 923 934; x_wconf 91' lang='lat' dir='ltr'>sunt</span> <span class='ocrx_word' id='word_1_33' title='bbox 950 870 1053 933; x_wconf 87' lang='lat' dir='ltr'>citius</span> <span class='ocrx_word' id='word_1_34' title='bbox 1085 869 1315 948; x_wconf 88' lang='lat' dir='ltr'>interierunt,</span> 
     </span>
     <span class='ocr_line' id='line_1_6' title="bbox 354 968 1315 1052; baseline 0.004 -20"><span class='ocrx_word' id='word_1_35' title='bbox 354 976 502 1052; x_wconf 84' lang='lat' dir='ltr'>excepto</span> <span class='ocrx_word' id='word_1_36' title='bbox 523 988 615 1050; x_wconf 89' lang='lat' dir='ltr'>rege,</span> <span class='ocrx_word' id='word_1_37' title='bbox 630 969 781 1033; x_wconf 92' lang='lat' dir='ltr'>Domino</span> <span class='ocrx_word' id='word_1_38' title='bbox 801 969 853 1032; x_wconf 95' lang='lat' dir='ltr'>illi</span> <span class='ocrx_word' id='word_1_39' title='bbox 871 969 1075 1052; x_wconf 83' lang='lat' dir='ltr'>sospitatem</span> <span class='ocrx_word' id='word_1_40' title='bbox 1092 968 1315 1037; x_wconf 86' lang='lat' dir='ltr'>conferente.-</span> 
     </span>
     <span class='ocr_line' id='line_1_7' title="bbox 356 1068 1315 1152; baseline 0.002 -20"><span class='ocrx_word' id='word_1_41' title='bbox 356 1068 508 1132; x_wconf 87' lang='lat' dir='ltr'>Gerneus</span> <span class='ocrx_word' id='word_1_42' title='bbox 524 1069 643 1150; x_wconf 90' lang='lat' dir='ltr'>itaque</span> <span class='ocrx_word' id='word_1_43' title='bbox 661 1087 725 1132; x_wconf 86' lang='lat' dir='ltr'>rex</span> <span class='ocrx_word' id='word_1_44' title='bbox 743 1068 941 1131; x_wconf 90' lang='lat' dir='ltr'>thesaurum</span> <span class='ocrx_word' id='word_1_45' title='bbox 958 1087 1071 1144; x_wconf 91' lang='lat' dir='ltr'>suum,</span> <span class='ocrx_word' id='word_1_46' title='bbox 1085 1087 1187 1150; x_wconf 91' lang='lat' dir='ltr'>quem</span> <span class='ocrx_word' id='word_1_47' title='bbox 1205 1068 1315 1152; x_wconf 84' lang='lat' dir='ltr'>larga</span> 
     </span>
     <span class='ocr_line' id='line_1_8' title="bbox 355 1167 1313 1249; baseline 0.006 -20"><span class='ocrx_word' id='word_1_48' title='bbox 355 1169 456 1231; x_wconf 91' lang='lat' dir='ltr'>nimis</span> <span class='ocrx_word' id='word_1_49' title='bbox 476 1187 582 1231; x_wconf 91' lang='lat' dir='ltr'>manu</span> <span class='ocrx_word' id='word_1_50' title='bbox 605 1174 640 1230; x_wconf 90' lang='lat' dir='ltr'>et</span> <span class='ocrx_word' id='word_1_51' title='bbox 662 1167 855 1231; x_wconf 87' lang='lat' dir='ltr'>inconsulte</span> <span class='ocrx_word' id='word_1_52' title='bbox 877 1167 1044 1231; x_wconf 89' lang='lat' dir='ltr'>militibus</span> <span class='ocrx_word' id='word_1_53' title='bbox 1067 1167 1313 1249; x_wconf 80' lang='lat' dir='ltr'>distribuerat,</span> 
     </span>
     <span class='ocr_line' id='line_1_9' title="bbox 354 1265 1317 1349; baseline 0.005 -19"><span class='ocrx_word' id='word_1_54' title='bbox 354 1266 520 1348; x_wconf 92' lang='lat' dir='ltr'>paulatim</span> <span class='ocrx_word' id='word_1_55' title='bbox 553 1265 709 1343; x_wconf 89' lang='lat' dir='ltr'>deficere,</span> <span class='ocrx_word' id='word_1_56' title='bbox 740 1267 998 1349; x_wconf 83' lang='lat' dir='ltr'>exercitumque</span> <span class='ocrx_word' id='word_1_57' title='bbox 1025 1267 1240 1332; x_wconf 84' lang='lat' dir='ltr'>Francorum</span> <span class='ocrx_word' id='word_1_58' title='bbox 1274 1278 1317 1335; x_wconf 93' lang='lat' dir='ltr'>et</span> 
     </span>
     <span class='ocr_line' id='line_1_10' title="bbox 355 1365 1315 1452; baseline 0.004 -23"><span class='ocrx_word' id='word_1_59' title='bbox 355 1366 514 1443; x_wconf 90' lang='lat' dir='ltr'>aliorum,</span> <span class='ocrx_word' id='word_1_60' title='bbox 537 1385 638 1448; x_wconf 89' lang='lat' dir='ltr'>quern</span> <span class='ocrx_word' id='word_1_61' title='bbox 664 1365 783 1429; x_wconf 91' lang='lat' dir='ltr'>multis</span> <span class='ocrx_word' id='word_1_62' title='bbox 814 1367 1008 1448; x_wconf 89' lang='lat' dir='ltr'>sumptibus</span> <span class='ocrx_word' id='word_1_63' title='bbox 1036 1366 1127 1429; x_wconf 91' lang='lat' dir='ltr'>datis</span> <span class='ocrx_word' id='word_1_64' title='bbox 1143 1367 1221 1450; x_wconf 89' lang='lat' dir='ltr'>jam</span> <span class='ocrx_word' id='word_1_65' title='bbox 1244 1389 1315 1452; x_wconf 92' lang='lat' dir='ltr'>per</span> 
     </span>
     <span class='ocr_line' id='line_1_11' title="bbox 356 1465 1315 1547; baseline 0.004 -19"><span class='ocrx_word' id='word_1_66' title='bbox 356 1485 485 1528; x_wconf 90' lang='lat' dir='ltr'>anuum</span> <span class='ocrx_word' id='word_1_67' title='bbox 518 1466 733 1528; x_wconf 86' lang='lat' dir='ltr'>conduxerat</span> <span class='ocrx_word' id='word_1_68' title='bbox 765 1484 950 1547; x_wconf 88' lang='lat' dir='ltr'>secumque</span> <span class='ocrx_word' id='word_1_69' title='bbox 982 1465 1181 1544; x_wconf 86' lang='lat' dir='ltr'>retinuerat,</span> <span class='ocrx_word' id='word_1_70' title='bbox 1213 1488 1315 1532; x_wconf 89' lang='lat' dir='ltr'>mor-</span> 
     </span>
     <span class='ocr_line' id='line_1_12' title="bbox 356 1564 1314 1645; baseline 0.006 -18"><span class='ocrx_word' id='word_1_71' title='bbox 356 1572 417 1628; x_wconf 91' lang='lat' dir='ltr'>tuo</span> <span class='ocrx_word' id='word_1_72' title='bbox 441 1565 528 1629; x_wconf 93' lang='lat' dir='ltr'>duce</span> <span class='ocrx_word' id='word_1_73' title='bbox 548 1564 773 1645; x_wconf 88' lang='lat' dir='ltr'>Burgundiae,</span> <span class='ocrx_word' id='word_1_74' title='bbox 792 1564 880 1628; x_wconf 90' lang='lat' dir='ltr'>velle</span> <span class='ocrx_word' id='word_1_75' title='bbox 902 1566 946 1627; x_wconf 90' lang='lat' dir='ltr'>ab</span> <span class='ocrx_word' id='word_1_76' title='bbox 969 1584 1011 1628; x_wconf 93' lang='lat' dir='ltr'>eo</span> <span class='ocrx_word' id='word_1_77' title='bbox 1033 1564 1204 1643; x_wconf 89' lang='lat' dir='ltr'>recedere,</span> <span class='ocrx_word' id='word_1_78' title='bbox 1225 1587 1314 1633; x_wconf 92' lang='lat' dir='ltr'>uec-</span> 
     </span>
     <span class='ocr_line' id='line_1_13' title="bbox 356 1663 1315 1746; baseline 0.008 -21"><span class='ocrx_word' id='word_1_79' title='bbox 356 1683 424 1726; x_wconf 93' lang='lat' dir='ltr'>non</span> <span class='ocrx_word' id='word_1_80' title='bbox 444 1671 479 1727; x_wconf 93' lang='lat' dir='ltr'>et</span> <span class='ocrx_word' id='word_1_81' title='bbox 497 1663 674 1746; x_wconf 90' lang='lat' dir='ltr'>proprium</span> <span class='ocrx_word' id='word_1_82' title='bbox 699 1664 889 1727; x_wconf 86' lang='lat' dir='ltr'>exercitum</span> <span class='ocrx_word' id='word_1_83' title='bbox 912 1664 1077 1746; x_wconf 85' lang='lat' dir='ltr'>pestifera</span> <span class='ocrx_word' id='word_1_84' title='bbox 1098 1665 1315 1746; x_wconf 84' lang='lat' dir='ltr'>aegritudine</span> 
     </span>
     <span class='ocr_line' id='line_1_14' title="bbox 356 1763 1313 1845; baseline 0.006 -20"><span class='ocrx_word' id='word_1_85' title='bbox 356 1768 461 1844; x_wconf 90' lang='lat' dir='ltr'>atque</span> <span class='ocrx_word' id='word_1_86' title='bbox 500 1763 617 1826; x_wconf 92' lang='lat' dir='ltr'>hostili</span> <span class='ocrx_word' id='word_1_87' title='bbox 651 1763 894 1845; x_wconf 81' lang='lat' dir='ltr'>congressione</span> <span class='ocrx_word' id='word_1_88' title='bbox 927 1764 1103 1840; x_wconf 91' lang='lat' dir='ltr'>minorari,</span> <span class='ocrx_word' id='word_1_89' title='bbox 1141 1765 1313 1832; x_wconf 89' lang='lat' dir='ltr'>hostilem</span> 
     </span>
     <span class='ocr_line' id='line_1_15' title="bbox 356 1862 1313 1944; baseline 0.007 -20"><span class='ocrx_word' id='word_1_90' title='bbox 356 1880 494 1944; x_wconf 90' lang='lat' dir='ltr'>quoque</span> <span class='ocrx_word' id='word_1_91' title='bbox 529 1882 708 1926; x_wconf 90' lang='lat' dir='ltr'>numerum</span> <span class='ocrx_word' id='word_1_92' title='bbox 745 1863 855 1925; x_wconf 92' lang='lat' dir='ltr'>indies</span> <span class='ocrx_word' id='word_1_93' title='bbox 891 1862 1120 1944; x_wconf 87' lang='lat' dir='ltr'>augmentari,</span> <span class='ocrx_word' id='word_1_94' title='bbox 1156 1865 1313 1931; x_wconf 85' lang='lat' dir='ltr'>fratrum</span> 
     </span>
     <span class='ocr_line' id='line_1_16' title="bbox 356 1959 1312 2045; baseline 0.008 -23"><span class='ocrx_word' id='word_1_95' title='bbox 356 1959 493 2043; x_wconf 87' lang='lat' dir='ltr'>Templi</span> <span class='ocrx_word' id='word_1_96' title='bbox 516 1968 551 2024; x_wconf 90' lang='lat' dir='ltr'>et</span> <span class='ocrx_word' id='word_1_97' title='bbox 572 1960 835 2045; x_wconf 88' lang='lat' dir='ltr'>Hospitalitatis</span> <span class='ocrx_word' id='word_1_98' title='bbox 853 1980 894 2026; x_wconf 88' lang='lat' dir='ltr'>ao</span> <span class='ocrx_word' id='word_1_99' title='bbox 916 1963 1120 2045; x_wconf 90' lang='lat' dir='ltr'>principum,</span> <span class='ocrx_word' id='word_1_100' title='bbox 1140 1964 1202 2045; x_wconf 92' lang='lat' dir='ltr'>qui</span> <span class='ocrx_word' id='word_1_101' title='bbox 1225 1984 1312 2030; x_wconf 92' lang='lat' dir='ltr'>cum</span> 
     </span>
     <span class='ocr_line' id='line_1_17' title="bbox 357 2059 1314 2146; baseline 0.007 -23"><span class='ocrx_word' id='word_1_102' title='bbox 357 2079 398 2123; x_wconf 90' lang='lat' dir='ltr'>eo</span> <span class='ocrx_word' id='word_1_103' title='bbox 419 2067 529 2136; x_wconf 90' lang='lat' dir='ltr'>eraut,</span> <span class='ocrx_word' id='word_1_104' title='bbox 547 2060 690 2124; x_wconf 91' lang='lat' dir='ltr'>consilio</span> <span class='ocrx_word' id='word_1_105' title='bbox 708 2059 751 2124; x_wconf 92' lang='lat' dir='ltr'>ad</span> <span class='ocrx_word' id='word_1_106' title='bbox 775 2060 894 2124; x_wconf 90' lang='lat' dir='ltr'>horam</span> <span class='ocrx_word' id='word_1_107' title='bbox 914 2062 1103 2143; x_wconf 85' lang='lat' dir='ltr'>repatriare</span> <span class='ocrx_word' id='word_1_108' title='bbox 1120 2061 1314 2146; x_wconf 88' lang='lat' dir='ltr'>disposuit,</span> 
     </span>
     <span class='ocr_line' id='line_1_18' title="bbox 356 2160 1315 2247; baseline 0.004 -25"><span class='ocrx_word' id='word_1_109' title='bbox 356 2167 395 2222; x_wconf 92' lang='lat' dir='ltr'>ut</span> <span class='ocrx_word' id='word_1_110' title='bbox 414 2160 537 2223; x_wconf 91' lang='lat' dir='ltr'>iterum</span> <span class='ocrx_word' id='word_1_111' title='bbox 556 2180 698 2224; x_wconf 89' lang='lat' dir='ltr'>numero</span> <span class='ocrx_word' id='word_1_112' title='bbox 720 2160 949 2242; x_wconf 90' lang='lat' dir='ltr'>multiplicato</span> <span class='ocrx_word' id='word_1_113' title='bbox 969 2168 1004 2225; x_wconf 92' lang='lat' dir='ltr'>et</span> <span class='ocrx_word' id='word_1_114' title='bbox 1022 2161 1170 2225; x_wconf 89' lang='lat' dir='ltr'>militum</span> <span class='ocrx_word' id='word_1_115' title='bbox 1188 2168 1225 2226; x_wconf 92' lang='lat' dir='ltr'>et</span> <span class='ocrx_word' id='word_1_116' title='bbox 1248 2183 1315 2247; x_wconf 89' lang='lat' dir='ltr'>pe-</span> 
     </span>
     <span class='ocr_line' id='line_1_19' title="bbox 356 2259 1315 2329; baseline 0.007 -7"><span class='ocrx_word' id='word_1_117' title='bbox 356 2260 534 2323; x_wconf 90' lang='lat' dir='ltr'>cuniarum</span> <span class='ocrx_word' id='word_1_118' title='bbox 558 2259 682 2323; x_wconf 84' lang='lat' dir='ltr'>fortius</span> <span class='ocrx_word' id='word_1_119' title='bbox 709 2266 744 2323; x_wconf 91' lang='lat' dir='ltr'>et</span> <span class='ocrx_word' id='word_1_120' title='bbox 768 2259 971 2323; x_wconf 86' lang='lat' dir='ltr'>instructius</span> <span class='ocrx_word' id='word_1_121' title='bbox 998 2261 1042 2324; x_wconf 88' lang='lat' dir='ltr'>ad</span> <span class='ocrx_word' id='word_1_122' title='bbox 1071 2268 1230 2326; x_wconf 84' lang='lat' dir='ltr'>sanctam</span> <span class='ocrx_word' id='word_1_123' title='bbox 1256 2265 1315 2329; x_wconf 90' lang='lat' dir='ltr'>ci-</span> 
     </span>
     <span class='ocr_line' id='line_1_20' title="bbox 355 2358 1315 2444; baseline 0.004 -21"><span class='ocrx_word' id='word_1_124' title='bbox 355 2358 498 2424; x_wconf 86' lang='lat' dir='ltr'>vitatem</span> <span class='ocrx_word' id='word_1_125' title='bbox 525 2358 748 2423; x_wconf 89' lang='lat' dir='ltr'>obsidendam</span> <span class='ocrx_word' id='word_1_126' title='bbox 776 2359 1024 2441; x_wconf 85' lang='lat' dir='ltr'>regrederetur,</span> <span class='ocrx_word' id='word_1_127' title='bbox 1044 2359 1219 2444; x_wconf 88' lang='lat' dir='ltr'>juratoria</span> <span class='ocrx_word' id='word_1_128' title='bbox 1247 2382 1315 2427; x_wconf 90' lang='lat' dir='ltr'>su-</span> 
     </span>
     <span class='ocr_line' id='line_1_21' title="bbox 354 2457 1315 2541; baseline 0.006 -20"><span class='ocrx_word' id='word_1_129' title='bbox 354 2478 416 2540; x_wconf 91' lang='lat' dir='ltr'>per</span> <span class='ocrx_word' id='word_1_130' title='bbox 431 2458 497 2522; x_wconf 91' lang='lat' dir='ltr'>hoc</span> <span class='ocrx_word' id='word_1_131' title='bbox 512 2457 669 2541; x_wconf 90' lang='lat' dir='ltr'>praestita</span> <span class='ocrx_word' id='word_1_132' title='bbox 688 2457 858 2522; x_wconf 89' lang='lat' dir='ltr'>cautione.</span> <span class='ocrx_word' id='word_1_133' title='bbox 911 2458 992 2522; x_wconf 92' lang='lat' dir='ltr'>Hiis</span> <span class='ocrx_word' id='word_1_134' title='bbox 1013 2467 1128 2524; x_wconf 90' lang='lat' dir='ltr'>autem</span> <span class='ocrx_word' id='word_1_135' title='bbox 1144 2462 1315 2528; x_wconf 89' lang='lat' dir='ltr'>omnibus</span> 
     </span>
     <span class='ocr_line' id='line_1_22' title="bbox 354 2553 1316 2640; baseline 0.007 -19"><span class='ocrx_word' id='word_1_136' title='bbox 354 2558 572 2639; x_wconf 89' lang='lat' dir='ltr'>potissimum</span> <span class='ocrx_word' id='word_1_137' title='bbox 600 2558 685 2621; x_wconf 91' lang='lat' dir='ltr'>illud</span> <span class='ocrx_word' id='word_1_138' title='bbox 717 2556 911 2639; x_wconf 85' lang='lat' dir='ltr'>praevaluit,</span> <span class='ocrx_word' id='word_1_139' title='bbox 938 2559 1031 2640; x_wconf 92' lang='lat' dir='ltr'>quod</span> <span class='ocrx_word' id='word_1_140' title='bbox 1060 2553 1316 2627; x_wconf 80' lang='lat' dir='ltr'>²intimabatur</span> 
     </span>
     <span class='ocr_line' id='line_1_23' title="bbox 355 2656 1314 2741; baseline 0.007 -22"><span class='ocrx_word' id='word_1_141' title='bbox 355 2657 386 2719; x_wconf 93' lang='lat' dir='ltr'>ei</span> <span class='ocrx_word' id='word_1_142' title='bbox 401 2657 492 2739; x_wconf 91' lang='lat' dir='ltr'>quod</span> <span class='ocrx_word' id='word_1_143' title='bbox 507 2676 621 2721; x_wconf 89' lang='lat' dir='ltr'>comes</span> <span class='ocrx_word' id='word_1_144' title='bbox 636 2656 659 2720; x_wconf 88' lang='lat' dir='ltr'>J</span> <span class='ocrx_word' id='word_1_145' title='bbox 663 2657 815 2720; x_wconf 88' lang='lat' dir='ltr'>ohannes</span> <span class='ocrx_word' id='word_1_146' title='bbox 833 2656 940 2721; x_wconf 82' lang='lat' dir='ltr'>frater</span> <span class='ocrx_word' id='word_1_147' title='bbox 954 2657 1041 2740; x_wconf 91' lang='lat' dir='ltr'>ejus,</span> <span class='ocrx_word' id='word_1_148' title='bbox 1059 2677 1160 2741; x_wconf 91' lang='lat' dir='ltr'>quem</span> <span class='ocrx_word' id='word_1_149' title='bbox 1174 2659 1212 2722; x_wconf 94' lang='lat' dir='ltr'>in</span> <span class='ocrx_word' id='word_1_150' title='bbox 1228 2659 1314 2726; x_wconf 90' lang='lat' dir='ltr'>An·</span> 
     </span>
     <span class='ocr_line' id='line_1_24' title="bbox 354 2754 1315 2844; baseline 0.008 -27"><span class='ocrx_word' id='word_1_151' title='bbox 354 2755 427 2836; x_wconf 88' lang='lat' dir='ltr'>glia</span> <span class='ocrx_word' id='word_1_152' title='bbox 452 2757 651 2839; x_wconf 90' lang='lat' dir='ltr'>reliquerat,</span> <span class='ocrx_word' id='word_1_153' title='bbox 677 2756 883 2819; x_wconf 89' lang='lat' dir='ltr'>moliebatur</span> <span class='ocrx_word' id='word_1_154' title='bbox 907 2754 1072 2838; x_wconf 88' lang='lat' dir='ltr'>Angliam</span> <span class='ocrx_word' id='word_1_155' title='bbox 1095 2757 1315 2844; x_wconf 84' lang='lat' dir='ltr'>subjugare3</span> 
     </span>
     <span class='ocr_line' id='line_1_25' title="bbox 355 2855 1326 2939; baseline 0.003 -23"><span class='ocrx_word' id='word_1_156' title='bbox 355 2855 448 2936; x_wconf 92' lang='lat' dir='ltr'>quod</span> <span class='ocrx_word' id='word_1_157' title='bbox 471 2873 509 2918; x_wconf 89' lang='lat' dir='ltr'>se</span> <span class='ocrx_word' id='word_1_158' title='bbox 530 2855 619 2919; x_wconf 91' lang='lat' dir='ltr'>velle</span> <span class='ocrx_word' id='word_1_159' title='bbox 642 2855 767 2930; x_wconf 90' lang='lat' dir='ltr'>facere,</span> <span class='ocrx_word' id='word_1_160' title='bbox 789 2855 839 2917; x_wconf 91' lang='lat' dir='ltr'>rei</span> <span class='ocrx_word' id='word_1_161' title='bbox 860 2855 1079 2937; x_wconf 90' lang='lat' dir='ltr'>postmodum</span> <span class='ocrx_word' id='word_1_162' title='bbox 1101 2860 1326 2939; x_wconf 84' lang='lat' dir='ltr'>comproba..</span> 
     </span>
     <span class='ocr_line' id='line_1_26' title="bbox 194 2954 1314 3066; baseline 0.007 -50"><span class='ocrx_word' id='word_1_163' title='bbox 194 2976 344 3066; x_wconf 48' lang='lat' dir='ltr'>mmm</span> <span class='ocrx_word' id='word_1_164' title='bbox 357 2954 406 3017; x_wconf 89' lang='lat' dir='ltr'>vit</span> <span class='ocrx_word' id='word_1_165' title='bbox 423 2960 578 3017; x_wconf 89' lang='lat' dir='ltr'>eventus.</span> <span class='ocrx_word' id='word_1_166' title='bbox 611 2954 670 3030; x_wconf 88' lang='lat' dir='ltr'>Et,</span> <span class='ocrx_word' id='word_1_167' title='bbox 688 2955 771 3036; x_wconf 94' lang='lat' dir='ltr'>quia</span> <span class='ocrx_word' id='word_1_168' title='bbox 786 2955 874 3017; x_wconf 92' lang='lat' dir='ltr'>tanti</span> <span class='ocrx_word' id='word_1_169' title='bbox 889 2954 1052 3037; x_wconf 89' lang='lat' dir='ltr'>principis</span> <span class='ocrx_word' id='word_1_170' title='bbox 1069 2957 1228 3038; x_wconf 90' lang='lat' dir='ltr'>tantique</span> <span class='ocrx_word' id='word_1_171' title='bbox 1245 2978 1314 3025; x_wconf 83' lang='lat' dir='ltr'>ex·</span> 
     </span>
     <span class='ocr_line' id='line_1_27' title="bbox 194 3026 1316 3135; baseline 0.006 -19"><span class='ocrx_word' id='word_1_172' title='bbox 194 3026 280 3125; x_wconf 47' lang='grc' dir='ltr'>ξῗιῖἶῖῑ</span> <span class='ocrx_word' id='word_1_173' title='bbox 355 3053 482 3116; x_wconf 89' lang='lat' dir='ltr'>ercitus</span> <span class='ocrx_word' id='word_1_174' title='bbox 514 3053 678 3116; x_wconf 87' lang='lat' dir='ltr'>discessio</span> <span class='ocrx_word' id='word_1_175' title='bbox 709 3072 778 3116; x_wconf 93' lang='lat' dir='ltr'>non</span> <span class='ocrx_word' id='word_1_176' title='bbox 808 3054 937 3135; x_wconf 88' lang='lat' dir='ltr'>absque</span> <span class='ocrx_word' id='word_1_177' title='bbox 966 3053 1092 3117; x_wconf 89' lang='lat' dir='ltr'>ibidem</span> <span class='ocrx_word' id='word_1_178' title='bbox 1124 3075 1316 3123; x_wconf 87' lang='lat' dir='ltr'>remanen-</span> 
     </span>
     <span class='ocr_line' id='line_1_28' title="bbox 355 3151 1315 3238; baseline 0.005 -22"><span class='ocrx_word' id='word_1_179' title='bbox 355 3153 440 3216; x_wconf 90' lang='lat' dir='ltr'>tium</span> <span class='ocrx_word' id='word_1_180' title='bbox 462 3152 560 3233; x_wconf 73' lang='lat' dir='ltr'>gratu</span> <span class='ocrx_word' id='word_1_181' title='bbox 583 3151 734 3234; x_wconf 91' lang='lat' dir='ltr'>periculo</span> <span class='ocrx_word' id='word_1_182' title='bbox 758 3159 927 3233; x_wconf 87' lang='lat' dir='ltr'>terraeque</span> <span class='ocrx_word' id='word_1_183' title='bbox 948 3153 1145 3236; x_wconf 85' lang='lat' dir='ltr'>subjugatae</span> <span class='ocrx_word' id='word_1_184' title='bbox 1164 3154 1315 3238; x_wconf 88' lang='lat' dir='ltr'>dispen-</span> 
     </span>
     <span class='ocr_line' id='line_1_29' title="bbox 355 3250 1315 3334; baseline 0.009 -21"><span class='ocrx_word' id='word_1_185' title='bbox 355 3252 412 3315; x_wconf 94' lang='lat' dir='ltr'>dio</span> <span class='ocrx_word' id='word_1_186' title='bbox 433 3250 508 3314; x_wconf 88' lang='lat' dir='ltr'>fieri</span> <span class='ocrx_word' id='word_1_187' title='bbox 528 3271 596 3314; x_wconf 93' lang='lat' dir='ltr'>nou</span> <span class='ocrx_word' id='word_1_188' title='bbox 619 3252 745 3334; x_wconf 94' lang='lat' dir='ltr'>potuit,</span> <span class='ocrx_word' id='word_1_189' title='bbox 766 3258 899 3332; x_wconf 87' lang='lat' dir='ltr'>treugae</span> <span class='ocrx_word' id='word_1_190' title='bbox 918 3252 1009 3316; x_wconf 87' lang='lat' dir='ltr'>inter</span> <span class='ocrx_word' id='word_1_191' title='bbox 1031 3252 1249 3319; x_wconf 87' lang='lat' dir='ltr'>Christianos</span> <span class='ocrx_word' id='word_1_192' title='bbox 1271 3265 1315 3322; x_wconf 90' lang='lat' dir='ltr'>et</span> 
     </span>
     <span class='ocr_line' id='line_1_30' title="bbox 355 3350 1313 3432; baseline 0.006 -19"><span class='ocrx_word' id='word_1_193' title='bbox 355 3369 524 3432; x_wconf 86' lang='lat' dir='ltr'>paganos,</span> <span class='ocrx_word' id='word_1_194' title='bbox 551 3351 731 3432; x_wconf 92' lang='lat' dir='ltr'>utriusque</span> <span class='ocrx_word' id='word_1_195' title='bbox 760 3350 932 3413; x_wconf 85' lang='lat' dir='ltr'>exercitus</span> <span class='ocrx_word' id='word_1_196' title='bbox 958 3351 1125 3432; x_wconf 90' lang='lat' dir='ltr'>petitione</span> <span class='ocrx_word' id='word_1_197' title='bbox 1153 3359 1188 3415; x_wconf 89' lang='lat' dir='ltr'>et</span> <span class='ocrx_word' id='word_1_198' title='bbox 1219 3373 1313 3420; x_wconf 87' lang='lat' dir='ltr'>con-</span> 
     </span>
     <span class='ocr_line' id='line_1_31' title="bbox 354 3448 1310 3526; baseline 0.007 -14"><span class='ocrx_word' id='word_1_199' title='bbox 354 3450 444 3526; x_wconf 92' lang='lat' dir='ltr'>silio,</span> <span class='ocrx_word' id='word_1_200' title='bbox 467 3455 550 3512; x_wconf 93' lang='lat' dir='ltr'>suut</span> <span class='ocrx_word' id='word_1_201' title='bbox 571 3449 781 3523; x_wconf 88' lang='lat' dir='ltr'>constitutae,</span> <span class='ocrx_word' id='word_1_202' title='bbox 801 3467 823 3511; x_wconf 91' lang='lat' dir='ltr'>a</span> <span class='ocrx_word' id='word_1_203' title='bbox 845 3448 983 3512; x_wconf 90' lang='lat' dir='ltr'>Pascha</span> <span class='ocrx_word' id='word_1_204' title='bbox 1003 3449 1163 3514; x_wconf 86' lang='lat' dir='ltr'>videlicet</span> <span class='ocrx_word' id='word_1_205' title='bbox 1182 3453 1310 3519; x_wconf 80' lang='lat' dir='ltr'>subse-</span> 
     </span>
     <span class='ocr_line' id='line_1_32' title="bbox 289 3547 1171 3631; baseline 0.002 -20"><span class='ocrx_word' id='word_1_206' title='bbox 289 3619 291 3623; x_wconf 15' lang='lat'>,</span> <span class='ocrx_word' id='word_1_207' title='bbox 355 3549 473 3631; x_wconf 90' lang='lat' dir='ltr'>quenti</span> <span class='ocrx_word' id='word_1_208' title='bbox 491 3567 599 3629; x_wconf 89' lang='lat' dir='ltr'>usque</span> <span class='ocrx_word' id='word_1_209' title='bbox 616 3547 660 3610; x_wconf 90' lang='lat' dir='ltr'>ad</span> <span class='ocrx_word' id='word_1_210' title='bbox 675 3548 856 3611; x_wconf 89' lang='lat' dir='ltr'>terminum</span> <span class='ocrx_word' id='word_1_211' title='bbox 873 3548 975 3611; x_wconf 91' lang='lat' dir='ltr'>trium</span> <span class='ocrx_word' id='word_1_212' title='bbox 991 3568 1171 3613; x_wconf 90' lang='lat' dir='ltr'>annorum.</span> 
     </span>
    </p>
   </div>
   <div class='ocr_carea' id='block_1_3' title="bbox 354 3719 1318 4130">
    <p class='ocr_par' dir='ltr' id='par_1_3' title="bbox 354 3719 1318 4130">
     <span class='ocr_line' id='line_1_33' title="bbox 390 3719 1318 3795; baseline 0.003 -25"><span class='ocrx_word' id='word_1_213' title='bbox 390 3720 513 3770; x_wconf 82' lang='lat' dir='ltr'>¹Morbus</span> <span class='ocrx_word' id='word_1_214' title='bbox 536 3720 675 3785; x_wconf 59' lang='lat' dir='ltr'>pertisum]</span> <span class='ocrx_word' id='word_1_215' title='bbox 707 3722 818 3771; x_wconf 85' lang='lat' dir='ltr'>Derizes</span> <span class='ocrx_word' id='word_1_216' title='bbox 878 3719 1064 3772; x_wconf 77' lang='lat' dir='ltr'>&#39;intimabatur</span> <span class='ocrx_word' id='word_1_217' title='bbox 1074 3723 1097 3772; x_wconf 86' lang='lat' dir='ltr'>ei</span> <span class='ocrx_word' id='word_1_218' title='bbox 1104 3723 1127 3786; x_wconf 91' lang='lat'>,·]</span> <span class='ocrx_word' id='word_1_219' title='bbox 1144 3724 1178 3784; x_wconf 77' lang='lat' dir='ltr'>by</span> <span class='ocrx_word' id='word_1_220' title='bbox 1189 3723 1232 3774; x_wconf 88' lang='lat' dir='ltr'>the</span> <span class='ocrx_word' id='word_1_221' title='bbox 1244 3729 1318 3795; x_wconf 48' lang='grc' dir='ltr'>επὶ,</span> 
     </span>
     <span class='ocr_line' id='line_1_34' title="bbox 354 3791 1316 3856; baseline 0.003 -15"><span class='ocrx_word' id='word_1_222' title='bbox 354 3793 418 3841; x_wconf 86' lang='lat' dir='ltr'>calls</span> <span class='ocrx_word' id='word_1_223' title='bbox 429 3791 472 3840; x_wconf 88' lang='lat' dir='ltr'>the</span> <span class='ocrx_word' id='word_1_224' title='bbox 484 3791 623 3840; x_wconf 82' lang='lat' dir='ltr'>sicknessa</span> <span class='ocrx_word' id='word_1_225' title='bbox 633 3793 728 3854; x_wconf 82' lang='lat' dir='ltr'>typhus</span> <span class='ocrx_word' id='word_1_226' title='bbox 739 3791 817 3851; x_wconf 82' lang='lat' dir='ltr'>ferar,</span> <span class='ocrx_word' id='word_1_227' title='bbox 841 3791 883 3839; x_wconf 83' lang='lat' dir='ltr'>val</span> <span class='ocrx_word' id='word_1_228' title='bbox 893 3792 922 3840; x_wconf 81' lang='lat' dir='ltr'>os</span> <span class='ocrx_word' id='word_1_229' title='bbox 929 3792 971 3841; x_wconf 90' lang='lat' dir='ltr'>the</span> <span class='ocrx_word' id='word_1_230' title='bbox 983 3794 1052 3854; x_wconf 88' lang='lat' dir='ltr'>prior</span> <span class='ocrx_word' id='word_1_231' title='bbox 1062 3794 1090 3841; x_wconf 85' lang='lat' dir='ltr'>of</span> <span class='ocrx_word' id='word_1_232' title='bbox 1099 3792 1237 3856; x_wconf 82' lang='lat' dir='ltr'>Herelord,</span> <span class='ocrx_word' id='word_1_233' title='bbox 1247 3798 1316 3848; x_wconf 85' lang='lat' dir='ltr'>who</span> 
     </span>
     <span class='ocr_line' id='line_1_35' title="bbox 355 3856 1314 3924; baseline 0.006 -14"><span class='ocrx_word' id='word_1_234' title='bbox 355 3856 685 3924; x_wconf 85' lang='lat' dir='ltr'>audattributestheking’s</span> <span class='ocrx_word' id='word_1_235' title='bbox 696 3875 816 3920; x_wconf 85' lang='lat' dir='ltr'>recovery</span> <span class='ocrx_word' id='word_1_236' title='bbox 842 3875 911 3908; x_wconf 84' lang='lat' dir='ltr'>cume</span> <span class='ocrx_word' id='word_1_237' title='bbox 928 3862 1022 3910; x_wconf 87' lang='lat' dir='ltr'>tobim</span> <span class='ocrx_word' id='word_1_238' title='bbox 1042 3863 1068 3910; x_wconf 93' lang='lat' dir='ltr'>iu</span> <span class='ocrx_word' id='word_1_239' title='bbox 1091 3862 1222 3912; x_wconf 83' lang='lat' dir='ltr'>Palestine</span> <span class='ocrx_word' id='word_1_240' title='bbox 1241 3869 1314 3916; x_wconf 86' lang='lat' dir='ltr'>with</span> 
     </span>
     <span class='ocr_line' id='line_1_36' title="bbox 355 3930 1317 3995; baseline 0.001 -18"><span class='ocrx_word' id='word_1_241' title='bbox 355 3934 380 3978; x_wconf 93' lang='lat' dir='ltr'>to</span> <span class='ocrx_word' id='word_1_242' title='bbox 402 3930 444 3978; x_wconf 93' lang='lat' dir='ltr'>the</span> <span class='ocrx_word' id='word_1_243' title='bbox 466 3933 551 3990; x_wconf 85' lang='lat' dir='ltr'>repert</span> <span class='ocrx_word' id='word_1_244' title='bbox 569 3930 623 3980; x_wconf 86' lang='lat' dir='ltr'>that</span> <span class='ocrx_word' id='word_1_245' title='bbox 641 3931 683 3980; x_wconf 88' lang='lat' dir='ltr'>the</span> <span class='ocrx_word' id='word_1_246' title='bbox 702 3930 771 3980; x_wconf 90' lang='lat' dir='ltr'>duke</span> <span class='ocrx_word' id='word_1_247' title='bbox 790 3930 819 3977; x_wconf 86' lang='lat' dir='ltr'>of</span> <span class='ocrx_word' id='word_1_248' title='bbox 841 3930 927 3979; x_wconf 87' lang='lat' dir='ltr'>letters</span> <span class='ocrx_word' id='word_1_249' title='bbox 938 3930 1001 3980; x_wconf 83' lang='lat' dir='ltr'>from</span> <span class='ocrx_word' id='word_1_250' title='bbox 1014 3931 1056 3981; x_wconf 91' lang='lat' dir='ltr'>the</span> <span class='ocrx_word' id='word_1_251' title='bbox 1067 3932 1227 3995; x_wconf 83' lang='lat' dir='ltr'>chaucellor3</span> <span class='ocrx_word' id='word_1_252' title='bbox 1245 3935 1317 3987; x_wconf 83' lang='lat' dir='ltr'>Vin.</span> 
     </span>
     <span class='ocr_line' id='line_1_37' title="bbox 355 3999 1015 4063; baseline 0.008 -17"><span class='ocrx_word' id='word_1_253' title='bbox 355 3999 497 4061; x_wconf 81' lang='lat' dir='ltr'>Burgundy</span> <span class='ocrx_word' id='word_1_254' title='bbox 517 4013 572 4048; x_wconf 84' lang='lat' dir='ltr'>was</span> <span class='ocrx_word' id='word_1_255' title='bbox 596 4000 765 4063; x_wconf 79' lang='lat' dir='ltr'>dungerously</span> <span class='ocrx_word' id='word_1_256' title='bbox 787 4000 815 4048; x_wconf 90' lang='lat' dir='ltr'>ill</span> <span class='ocrx_word' id='word_1_257' title='bbox 842 4000 909 4062; x_wconf 82' lang='lat' dir='ltr'>saus,</span> <span class='ocrx_word' id='word_1_258' title='bbox 920 4015 946 4061; x_wconf 88' lang='lat' dir='ltr'>p.</span> <span class='ocrx_word' id='word_1_259' title='bbox 959 4005 1015 4052; x_wconf 77' lang='grc'><strong>384.</strong></span> 
     </span>
     <span class='ocr_line' id='line_1_38' title="bbox 354 4070 700 4130; baseline -0.003 -12"><span class='ocrx_word' id='word_1_260' title='bbox 354 4073 381 4118; x_wconf 86' lang='lat' dir='ltr'>at</span> <span class='ocrx_word' id='word_1_261' title='bbox 392 4070 474 4118; x_wconf 83' lang='lat' dir='ltr'>Acrel</span> <span class='ocrx_word' id='word_1_262' title='bbox 491 4083 535 4130; x_wconf 92' lang='lat' dir='ltr'>pp.</span> <span class='ocrx_word' id='word_1_263' title='bbox 544 4072 628 4119; x_wconf 85' lang='grc'><strong>69-74.</strong></span> <span class='ocrx_word' id='word_1_264' title='bbox 697 4106 700 4111; x_wconf 90' lang='lat'><strong>.</strong></span> 
     </span>
    </p>
   </div>
   <div class='ocr_carea' id='block_1_4' title="bbox 0 0 1434 4876">
    <p class='ocr_par' dir='ltr' id='par_1_4' title="bbox 0 0 1434 4876">
     <span class='ocr_line' id='line_1_39' title="bbox 0 0 1434 4876; baseline 0 0"><span class='ocrx_word' id='word_1_265' title='bbox 0 0 1434 4876; x_wconf 95' lang='lat' dir='ltr'> </span> 
     </span>
    </p>
   </div>
  </div>
 </body>
</html>
