2858 4876
414 406 554 454 uacuus
577 407 844 458 ulsuoaraaou.
1037 393 1102 456 153

152 563 213 645 qui
250 564 423 630 illuminat
453 585 588 630 omnem
627 566 798 630 hominem
832 567 1023 631 venientem
1064 569 1100 631 in
1114 587 1237 628 auara

153 663 244 727 hunc
275 666 453 743 mundum,
484 685 547 748 pro
578 666 655 730 luce
689 667 871 749 temporali
905 668 1016 731 lucem
1051 670 1101 732 eis
1113 638 1265 756 9211‘02'0‘ib1'a‘5‘

153 765 354 829 concederet
386 765 641 848 sempiternam.
708 766 886 831 Divitibus
919 775 1035 832 autem
1067 739 1241 834 etmd'd'y'

152 865 374 946 magnatibus
410 865 592 944 universis,
628 872 664 929 et
695 868 867 949 praecipue
903 869 1036 932 civibus
1067 877 1102 934 et

152 964 412 1042 mercatoribus,
439 965 663 1048 praedicabat,
685 973 725 1030 ut
754 985 889 1049 semper
915 969 952 1030 in
981 988 1102 1034 mensa

152 1063 284 1128 dmcum
306 1064 437 1131 Christi
458 1085 521 1148 pro
545 1064 752 1148 pauperibus
781 1065 957 1145 haberent,
980 1076 1101 1151 quate-

154 1182 230 1241 nus,
245 1172 387 1230 assueta
408 1165 647 1247 superfluitate
666 1167 857 1245 subtracta,
875 1167 1101 1250 indigentium

152 1263 304 1346 inopiam
334 1264 567 1330 sublevarent.
620 1266 722 1329 Diem
748 1285 830 1330 vero
859 1268 996 1332 sabbati
1022 1278 1103 1353 post

154 1383 292 1442 nonam,
318 1364 408 1430 sicut
436 1365 525 1428 diem
553 1366 786 1443 Dominicum,
811 1367 856 1429 ab
879 1369 971 1431 omni
999 1389 1102 1452 opere

154 1464 270 1529 servili
287 1466 453 1529 custodiri
471 1465 669 1545 mandavit;
693 1472 728 1529 et
744 1465 906 1549 deinceps
922 1466 1011 1530 diem
1031 1470 1103 1533 Do-

153 1564 315 1628 minioum
341 1584 420 1629 cum
451 1572 552 1630 nocte
584 1566 754 1648 sequenti,
787 1567 847 1647 qui
875 1566 948 1630 dies
976 1568 1103 1632 dicitur

154 1664 335 1741 naturalis,
355 1672 391 1729 et
412 1666 564 1748 requiem
587 1665 700 1728 innuit
723 1685 784 1747 per
802 1665 949 1747 figuram
972 1677 1101 1733 nostrae

153 1772 328 1847 perpetuae
346 1766 483 1847 quietis.

231 1940 281 2006 De
294 1940 446 2007 miraculo
461 1941 593 2023 terrifico
615 1941 742 2006 cuidam
756 1943 883 2008 mulieri
895 1944 1019 2027 inflicto.

203 2064 334 2130 Eodem
354 2073 508 2149 tempore
528 2066 652 2129 mulier
672 2068 832 2148 quaedam
855 2068 897 2131 de
922 2069 1101 2150 provincia
1112 2090 1199 2129 urraca
1209 2091 1230 2131 a

156 2164 387 2244 Norsolcensi,
413 2167 477 2230 viri
501 2167 568 2230 Dei
591 2167 724 2230 monita
750 2187 926 2250 spernens,
954 2187 1023 2231 uno
1046 2140 1208 2232 die⁸⁰¹¹⁰¹¹¹'

153 2267 289 2330 sabbati
324 2278 404 2349 post
440 2285 565 2330 nonam
602 2285 737 2348 pannos
766 2267 885 2331 lavare
916 2269 1099 2349 perrexit3

152 2384 230 2447 quae
258 2385 336 2429 cum
366 2366 539 2431 laborioso
567 2375 695 2431 conatu
725 2367 768 2430 ad
799 2367 996 2431 inchoatum
1024 2369 1099 2452 jam

153 2483 239 2547 opus
256 2465 415 2544 instaret,
438 2467 585 2530 accessit
606 2466 746 2530 adeam
768 2467 821 2530 vir
841 2468 979 2550 quidam
1003 2489 1099 2532 reve·

152 2565 268 2629 rendae
286 2567 414 2644 aeraus,
433 2565 500 2630 sibi
517 2565 656 2649 penitus
677 2567 830 2648 ignotus,
850 2568 1030 2632 sciscitans
1047 2569 1100 2632 iu-

152 2667 342 2750 crepando,
365 2685 436 2750 qua
464 2665 656 2731 temeritate
681 2673 761 2748 post
789 2668 854 2731 viri
885 2668 950 2730 Dei
981 2668 1098 2749 prohi-

152 2771 316 2835 bitionem
339 2787 425 2831 ausa
447 2767 493 2831 sit
519 2772 598 2848 post
621 2785 746 2828 nonam
768 2784 902 2847 pannos
923 2767 1041 2831 lavare
1063 2776 1099 2832 et

152 2878 311 2936 sanctum
345 2868 435 2932 diem
476 2866 612 2930 sabbati
649 2885 752 2947 opere
785 2866 905 2931 illicito
938 2867 1096 2947 violare3

152 2970 285 3035 addidit
306 2968 458 3050 insuper,
481 2965 586 3049 quod,
610 2965 676 3028 nisi
699 2964 842 3028 celerius
865 2967 909 3028 ab
935 2967 1097 3048 incoeptis

152 3070 344 3144 desisteret,
367 3067 471 3131 sciret
490 3086 527 3129 se
550 3065 704 3148 proiecto
723 3065 810 3128 iram
833 3065 900 3129 Dei
922 3086 1000 3129 cum
1021 3066 1096 3130 caeli

151 3171 282 3235 ultione
297 3167 502 3251 quantocius
520 3167 746 3229 incursuram.
791 3162 842 3228 At
854 3165 927 3243 illa,
940 3166 1015 3230 viro
1032 3166 1098 3229 sibi

151 3267 394 3335 sermocinanti
411 3273 591 3348 urgentem
610 3262 826 3346 praetendens
844 3264 1007 3347 inopiam,
1021 3265 1099 3328 dix·

152 3371 193 3449 it,
213 3389 252 3433 se
277 3366 476 3451 hujusmodi
503 3366 622 3429 labore
645 3365 753 3427 vitam
775 3364 933 3428 miseram
953 3372 1097 3428 eatenus

153 3468 370 3553 perduxisse,
400 3473 447 3542 et,
476 3466 506 3529 si
537 3466 582 3528 ab
610 3483 713 3545 opere
740 3471 906 3527 consueto
934 3471 1097 3541 cessaret,

153 3567 343 3653 periculum
363 3566 406 3630 de
421 3566 503 3630 vitae
524 3563 676 3629 subsidio
695 3563 880 3627 dubitaret.
926 3564 1098 3646 Denique,

152 3688 228 3733 cum
257 3667 372 3731 subito
401 3665 454 3730 vir
482 3663 541 3728 ille
570 3663 615 3726 ab
644 3663 752 3728 oculis
783 3663 858 3746 ejus
887 3664 1098 3742 evanuisset,

151 3766 356 3853 propensius
378 3784 483 3848 quam
505 3764 602 3847 prius
627 3762 767 3839 fecerat,
790 3781 923 3845 pannos
945 3783 1027 3826 suos
1049 3765 1098 3827 la-

150 3887 234 3934 vare
257 3873 294 3931 et
314 3864 359 3929 ad
383 3865 490 3929 solem
520 3864 651 3928 siccare
677 3863 876 3927 maturavit.
941 3862 1008 3926 Sed
1032 3864 1098 3927 hiis

152 3967 310 4033 omnibus
332 3965 420 4029 ultio
439 3964 556 4029 divina
581 3982 651 4025 nou
671 3961 799 4042 desuit3
834 3982 983 4043 namque
1005 3963 1098 4027 illico

151 4067 314 4133 mamillae
334 4064 487 4129 mulieris
498 4062 659 4127 'sinistrae
676 4062 775 4143 quasi
793 4061 963 4144 porcellus
984 4063 1099 4126 colore

150 4168 357 4252 nigerrimus
378 4164 492 4230 subito
517 4163 696 4227 adhaerens
718 4162 813 4225 nullo
835 4169 963 4226 conatu
985 4162 1100 4246 potuit
