2858 4876
338 379 410 444 288:
592 396 725 444 nocnnr
750 396 796 443 nn
822 396 1028 444 wunnovnn

176 568 232 607 Ab·
243 568 300 610 1²14·
338 555 518 630 baronum,
550 553 696 617 militum
728 560 763 616 et
795 553 1030 630 servientium,
1069 553 1223 636 peditum
1254 559 1291 615 et

176 618 246 657 Battle
255 619 279 656 ol

177 669 275 707 Bovlnes.

339 653 505 736 equitum,
536 673 614 716 cum
648 652 885 737 communibus
915 654 1076 718 villarum
1103 659 1139 717 et
1167 652 1291 716 civita-

338 761 424 830 turn,
452 754 488 817 in
518 752 719 817 fortitudine
750 754 850 835 gravi
875 752 1081 835 adversapiis
1108 770 1301 819 occurrere.

337 852 539 929 maturavit,
561 853 765 935 praecipiens
791 852 974 936 episcopis,
995 854 1079 917 viris
1105 851 1292 934 religiosis,

339 953 472 1017 clericis
505 959 539 1016 et
568 952 886 1016 sanctimonialibus
919 953 1156 1036 eleemosynas
1193 952 1290 1029 darc,

339 1072 458 1133 preces
477 1051 521 1136 ad
543 1052 656 1115 Deum
678 1052 832 1128 fundere,
856 1059 890 1116 et
913 1072 975 1134 pro
993 1059 1089 1117 statu
1112 1052 1210 1133 regni
1233 1051 1288 1115 sui

233 1180 237 1185 >
339 1151 456 1216 divina
477 1151 642 1235 mysteria
665 1151 859 1229 celebrare;
887 1172 955 1234 quo
972 1153 1078 1230 facto,
1095 1170 1171 1216 cum
1192 1171 1291 1214 exer-

339 1252 411 1315 citu
433 1271 496 1316 suo
519 1251 683 1315 audacter
703 1252 872 1333 processit
893 1251 929 1314 in
949 1251 1078 1317 hostes.
1133 1249 1290 1337 Audiens

333 1359 453 1415 'autem
470 1352 560 1416 idem
576 1365 639 1414 rex
655 1351 773 1415 hostes
787 1359 995 1415 memoratos
1009 1371 1118 1434 usque
1130 1344 1190 1415 ¹ad
1202 1371 1290 1433 pon·

340 1457 409 1514 tem
424 1451 479 1514 ·de
508 1452 661 1515 Bovines
687 1451 723 1513 in
752 1452 925 1515 territorio
954 1451 1159 1516 Pontivensi
1183 1452 1290 1536 situm

335 1550 409 1633 jam
427 1550 599 1615 hostiliter
620 1551 830 1634 pervenisse,
852 1551 934 1614 illuc
952 1551 1080 1616 vexilla
1103 1551 1232 1614 direxit
1255 1557 1291 1615 et

340 1668 448 1727 arma,
466 1659 571 1732 atque
594 1650 637 1713 ad
660 1657 799 1732 pontem
818 1650 893 1733 jam
918 1650 1047 1715 dictum
1072 1651 1290 1734 perveniens,

339 1749 439 1816 illius‘
455 1769 554 1832 aquae
582 1749 711 1814 fluenta
737 1770 815 1813 cum
839 1751 995 1814 exercitu
1022 1769 1086 1814 suo
1113 1756 1188 1815 toto
1212 1769 1292 1832 per-

341 1850 523 1926 transiens
545 1850 672 1913 ibidem
695 1856 960 1915 castrametatus
983 1858 1047 1914 est.
1100 1849 1187 1913 Erat
1199 1849 1292 1912 enim

341 1948 443 2012 ardor
456 1950 538 2013 solis
553 1950 799 2031 permaximus,
816 1949 906 2013 sicut
921 1949 995 2014 fieri
1017 1949 1106 2014 solet
1123 1949 1159 2013 in
1174 1967 1292 2013 mense

340 2046 364 2112 J
368 2049 450 2125 ulio,
474 2049 565 2113 unde
589 2069 696 2132 prope
722 2048 849 2112 flumen
866 2049 1092 2131 Francigenae
1114 2048 1292 2131 quiescere

340 2148 568 2212 decreverunt
596 2155 737 2232 propter
769 2148 983 2230 refrigerium
1013 2156 1084 2213 tam
1114 2147 1291 2234 hominum
1319 2138 1321 2143 ’

340 2268 445 2330 quam
476 2268 652 2331 equorum.
705 2247 886 2315 Venerunt
915 2268 1052 2331 quoque
1082 2249 1127 2312 ad
1158 2248 1290 2337 dictum

340 2348 466 2412 flumen
499 2348 648 2431 quodam
682 2348 738 2412 die
772 2347 909 2411 sabbati
945 2349 1037 2412 circa
1065 2348 1185 2411 horam
1201 2358 1293 2412 'ves-

340 2449 522 2531 pertinam,
546 2456 650 2530 atque
670 2448 837 2512 ordinatis
859 2467 881 2512 a
896 2447 1029 2512 dextris
1047 2454 1083 2511 et
1096 2466 1118 2510 a
1140 2447 1292 2512 sinistris

340 2549 430 2630 bigis
455 2555 490 2618 et
510 2548 688 2631 quadrigis
714 2555 749 2611 et
774 2548 933 2625 omnibus
958 2547 1135 2624 vehiculis,
1161 2548 1291 2628 quibus

340 2647 508 2712 victualia
533 2655 568 2711 et
587 2667 684 2712 arma
709 2667 787 2711 cum
817 2647 985 2711 machinis
1013 2654 1049 2712 et
1073 2644 1205 2710 bellicis
1232 2648 1289 2713 in·

340 2747 541 2810 strumentis
572 2746 681 2810 allata
710 2747 859 2824 fuerant,
883 2754 979 2812 totns
1012 2746 1070 2810 ille
1101 2746 1290 2824 exercitus,

340 2845 503 2932 adhibitis
533 2845 799 2930 circumquaque
829 2846 1043 2924 custodibusr,
1086 2853 1187 2936 nocte
1227 2847 1291 2933 illa

340 2945 484 3027 quievit.
1107 3011 1110 3014 ,

407 3045 512 3109 Mane
545 3053 661 3110 autem
695 3047 801 3124 facto,
825 3066 907 3113 cum
944 3047 1127 3130 principes
1149 3045 1291 3111 militiae

340 3145 431 3233 regis
462 3143 656 3227 Anglornm
691 3146 733 3211 de
767 3147 926 3212 adventu,
950 3146 1043 3228 regis
1073 3146 1289 3214 Francorum

339 3244 520 3310 certificati
544 3245 701 3323 fuissent,
725 3246 844 3323 habito
866 3254 1020 3311 tractatu
1039 3245 1210 3332 diligenti,
1233 3244 1291 3309 de

340 3351 528 3412 creverunt,
552 3346 778 3410 communiter
801 3354 994 3427 campestre
1025 3346 1291 3437 praeliumpcum

340 3443 496 3509 hostibus
513 3451 711 3523 conserere3
736 3444 808 3522 sed,
820 3447 903 3527 quia
916 3445 989 3509 dies
1005 3444 1189 3508 Dominica
1202 3452 1292 3520 erat,

339 3543 452 3606 visum
477 3551 530 3607 est
554 3545 821 3626 sapientioribus
843 3544 885 3608 de
905 3545 1073 3620 exercitu,
1089 3550 1125 3607 et
1139 3544 1292 3607 maxime

340 3642 538 3724 Reginaldo
566 3642 739 3724 quondam
768 3644 886 3708 comiti
919 3644 1099 3720 Bononiae,
1125 3642 1294 3706 ‘inhones-

340 3750 413 3806 tum
433 3761 508 3806 esse
525 3741 561 3805 in
578 3749 678 3809 tauta
693 3743 911 3808 solemnitate
927 3743 1056 3807 bellum
1075 3742 1292 3811 committere

339 3850 376 3904 et
404 3848 540 3905 tantum
574 3842 663 3906 diem
692 3842 876 3907 homicidio
900 3850 935 3907 et
961 3842 1127 3909 effusione
1148 3841 1292 3905 humani

374 4037 434 4089 ¹Ad
452 4044 546 4104 pontem
564 4043 593 4090 de
612 4042 747 4106 Barnea]
773 4042 798 4091 A
824 4043 875 4092 and
893 4039 973 4106 Lisle)
988 4044 1011 4092 is
1031 4043 1109 4112 given¹
1122 4042 1156 4104 by
1169 4043 1251 4108 Brito,
1264 4061 1291 4107 p.

337 4125 398 4171 very
409 4111 514 4172 spirited
531 4115 638 4160 account
648 4113 676 4160 ol
688 4112 730 4161 the
743 4113 800 4160 bat·
825 4117 867 4163 ul.
893 4111 1017 4175 Compare
1025 4113 1118 4165 Chron.
1127 4112 1193 4164 des.
1201 4113 1294 4179 Denis,

339 4181 373 4228 tle
384 4181 413 4229 oi
422 4181 531 4231 Bovines
543 4177 671 4246 (between
682 4182 799 4243 Toumay
826 4196 852 4244 p.
864 4187 922 4234 406.
