2858 4876
420 390 560 439 anonas
584 390 857 439 msronmaosr.
1046 375 1112 440 123

162 548 206 614 ad
221 547 430 632 colloquium
447 548 537 614 inter
549 542 718 614 ¹Wailum
735 555 770 612 et
781 547 1009 614 Andeliacum
1026 549 1114 614 seria
1126 568 1181 609 au.
1193 567 1251 610 nor.

164 657 289 731 quarta
311 656 391 733 post
414 648 662 713 exaltationem
683 656 813 712 sanctae
837 647 979 729 Crucis3
1007 656 1042 713 et
1062 651 1113 713 sic

163 748 329 812 liberatus
351 768 374 813 a
389 749 550 832 captione
568 747 703 812 comitis
720 747 810 811 idem
827 768 890 812 rex
908 748 951 811 ad
972 750 1113 831 propria

164 849 343 912 remeavit.
396 848 573 913 Reversus
608 855 725 911 autem
752 847 908 911 Parisios
932 848 1113 913 consilium

162 947 283 1011 babuit
304 966 327 1010 a
347 947 419 1011 suis
440 953 481 1011 ut
501 967 524 1011 a
542 954 646 1030 pacto
664 947 834 1027 resiliret3
861 967 931 1012 non
954 949 1045 1012 enim
1068 947 1113 1011 ad

164 1047 439 1112 observationem
457 1047 658 1131 juramenti,
679 1047 773 1130 quod
789 1047 832 1111 de
853 1049 1061 1113 necessitate
1078 1053 1114 1111 et

163 1147 264 1229 quasi
278 1153 420 1211 coactns
434 1146 577 1220 fecerat,
593 1147 730 1210 exstitit
744 1145 931 1229 obligatus.

163 1324 214 1387 Do
229 1321 413 1408 quibasdam
427 1320 689 1436 contortionibus
700 1343 722 1386 o
739 1342 806 1408 repo
819 1321 981 1388 Richards
996 1274 1117 1389 utiliter

557 1442 704 1507 morosos.

230 1546 360 1611 Eodem
377 1565 468 1610 anno
482 1548 710 1612 constitutum
725 1553 778 1611 est
793 1567 910 1630 aroge
928 1547 1116 1628 Richardo,
1129 1567 1223 1661 pm

166 1646 211 1710 ad
235 1644 437 1711 instantiam
464 1646 629 1724 Huberti,
655 1646 915 1712 Cantuariensis
946 1648 1116 1732 archiepi·
1233 1627 1252 1666 ¹⁸

167 1747 262 1829 scopi
273 1754 310 1810 et
320 1744 458 1829 Angliae
470 1747 668 1831 justiciarii,
684 1748 720 1810 in
732 1747 787 1811 die
798 1748 911 1812 sancti
922 1747 1117 1813 Eadmundi

119 1896 129 1915 .
166 1847 258 1929 regis
273 1852 309 1910 et
323 1846 486 1929 martyris
500 1847 593 1930 apud
609 1847 970 1925 westmonasterium,
988 1855 1028 1913 ut
1043 1869 1117 1913 om·

167 1965 229 2011 nes
240 1965 411 2010 mensurae
425 1965 488 2029 per
504 1954 615 2011 totam
624 1945 790 2029 Angliam
800 1948 837 2010 in
847 1947 960 2011 bladis
971 1955 1007 2012 et
1020 1947 1119 2030 legu-

167 2046 330 2123 minibus,
347 2046 473 2110 tamin
490 2047 690 2111 civitatibus
707 2066 812 2130 quam
827 2055 939 2124 extra,
963 2047 1116 2131 ejusdem

166 2146 237 2211 siut
247 2145 469 2228 quantitatis,
484 2153 520 2210 et
533 2145 684 2210 maxime
699 2165 861 2210 mensura
879 2146 977 2224 celei,
993 2147 1065 2211 viui
1082 2153 1117 2210 et

166 2244 356 2327 ponderum
375 2249 615 2310 mercatorum.
655 2240 910 2311 ²Constitutum
931 2252 984 2310 est
1000 2246 1117 2323 etiam,

169 2351 209 2409 ut
231 2344 324 2409 lanei
347 2344 467 2426 panni,
489 2344 696 2428 ubicumque
720 2346 756 2410 in
777 2365 886 2427 regno
905 2344 1004 2422 fiant,
1030 2344 1117 2409 duas

169 2443 270 2508 ulnas
286 2443 437 2508 habeant
453 2444 646 2509 latitudinis
663 2445 755 2509 infra
777 2445 915 2522 lisuras,
938 2452 974 2509 et
995 2445 1066 2508 sint
1081 2445 1119 2508 in

169 2543 281 2608 medio
299 2550 335 2607 et
355 2543 391 2606 in
412 2543 579 2608 lateribus
602 2545 757 2629 ejusdem
779 2545 956 2608 bonitatis.
1001 2543 1118 2608 Statu·

165 2649 244 2707 tum
276 2649 331 2707 est
361 2643 516 2725 insuper,
547 2664 590 2708 ne
619 2645 697 2727 quis
728 2651 900 2708 mercator
925 2642 1119 2726 praetendat

169 2741 274 2807 soldae
295 2760 370 2806 suae
391 2743 516 2807 rubeos
531 2745 587 2808 vel
607 2745 725 2826 nigros
747 2763 895 2827 pannos,
910 2744 966 2808 vel
988 2743 1119 2826 aliquid

76 2878 81 2885 ·
170 2841 265 2907 aliud
290 2842 383 2906 unde
403 2842 500 2907 visus
521 2843 729 2908 intuentium
752 2843 945 2926 decipiatur
965 2843 1011 2907 ad
1032 2862 1119 2925 pan·

171 2961 252 3006 num
266 2943 395 3006 bonnm
409 2941 618 3023 eligendum.
661 2943 760 3007 Exiit
773 2950 943 3025 practerea
959 2943 1120 3020 edictum,

172 3041 264 3124 quod
289 3041 388 3105 uulla
419 3040 572 3106 tinctura
597 3041 663 3106 nisi
687 3042 902 3106 solummodo
929 3042 1031 3124 nigra
1058 3041 1121 3105 fiat

169 3140 296 3205 alicubi
324 3141 362 3204 in
390 3160 511 3223 regno,
535 3143 602 3205 nisi
628 3143 663 3206 in
689 3142 896 3224 capitalibus
919 3141 1119 3205 civitatibus

172 3246 233 3304 ant
255 3240 396 3322 burgis3
424 3247 471 3318 et,
494 3241 622 3324 siquis
644 3243 681 3304 in
702 3242 818 3324 aliquo
837 3243 983 3305 istorum
1006 3247 1121 3304 trans-

170 3359 309 3421 gressor
325 3339 506 3404 convictus
522 3340 638 3418 fuerit,
653 3361 779 3424 corpus
794 3341 887 3404 illius
907 3340 1068 3421 capiatur
1083 3346 1120 3403 et

169 3439 205 3503 in
221 3458 393 3505 carcerem
407 3439 625 3518 detrudatur,
642 3449 677 3505 ct
694 3440 809 3505 omnia
820 3460 898 3523 quae
913 3440 1021 3522 ipsius
1039 3444 1121 3502 sunt

170 3537 214 3602 ad
254 3539 328 3603 fisci
363 3541 578 3603 commodum
612 3541 809 3604 saisiantnr.
871 3539 1002 3603 Eodem
1030 3558 1121 3602 anno

170 3637 366 3721 Philippus,
398 3637 544 3703 clericus
571 3641 681 3721 regis
710 3641 850 3703 natione
879 3638 1122 3714 Pictavicnsis‚

170 3738 354 3822 episcopus
377 3739 624 3803 Dunelmensis
646 3747 701 3803 cst
720 3740 862 3816 electus,
891 3738 958 3821 [et]
984 3757 1006 3801 a
1030 3755 1123 3820 papa

171 3836 358 3903 Caelestino
381 3836 475 3921 apud
498 3839 711 3905 Lateranum
741 3856 867 3902 munus
892 3837 1122 3902 consecratio·

172 3937 226 4002 nis
242 3938 407 4020 suscepit.
439 3985 442 3990 .

207 4107 334 4160 ¹Wuilum
342 4103 557 4178 etAadcllacam]
570 4104 658 4239 Gall-¹
702 4107 896 4160 2ίίηιείιϊιιὶιηη.
909 4110 920 4173 ]
944 4107 1079 4171 Hoveden,
1100 4123 1127 4169 p.

170 4180 275 4230 lonand
286 4179 398 4242 Andely.
666 4183 724 4231 774.
