<?xml version="1.0" encoding="UTF-8"?>
<!DOCTYPE html PUBLIC "-//W3C//DTD XHTML 1.0 Transitional//EN"
    "http://www.w3.org/TR/xhtml1/DTD/xhtml1-transitional.dtd">
<html xmlns="http://www.w3.org/1999/xhtml" xml:lang="en" lang="en">
 <head>
  <title>
</title>
<meta http-equiv="Content-Type" content="text/html;charset=utf-8" />
  <meta name='ocr-system' content='tesseract 3.04.00' />
  <meta name='ocr-capabilities' content='ocr_page ocr_carea ocr_par ocr_line ocrx_word'/>
</head>
<body>
  <div class='ocr_page' id='page_1' title='image "./rogeridewendove06rogegoog_0059.png"; bbox 0 0 2858 4876; ppageno 0'>
   <div class='ocr_carea' id='block_1_1' title="bbox 153 780 302 920">
    <p class='ocr_par' dir='ltr' id='par_1_1' title="bbox 153 780 302 920">
     <span class='ocr_line' id='line_1_1' title="bbox 155 780 275 820; baseline 0 0"><span class='ocrx_word' id='word_1_1' title='bbox 155 780 210 820; x_wconf 62' lang='lat' dir='ltr'><strong>hl).</strong></span> <span class='ocrx_word' id='word_1_2' title='bbox 219 780 275 820; x_wconf 83' lang='grc'><strong>1191.</strong></span> 
     </span>
     <span class='ocr_line' id='line_1_2' title="bbox 154 830 302 871; baseline 0.014 -2"><span class='ocrx_word' id='word_1_3' title='bbox 154 830 199 869; x_wconf 81' lang='lat' dir='ltr'><strong>The</strong></span> <span class='ocrx_word' id='word_1_4' title='bbox 207 830 302 871; x_wconf 75' lang='lat' dir='ltr'><strong>chensel-</strong></span> 
     </span>
     <span class='ocr_line' id='line_1_3' title="bbox 153 879 251 920; baseline 0.02 -1"><span class='ocrx_word' id='word_1_5' title='bbox 153 879 251 920; x_wconf 61' lang='lat' dir='ltr'><strong>loretell.</strong></span> 
     </span>
    </p>
   </div>
   <div class='ocr_carea' id='block_1_2' title="bbox 574 411 1009 462">
    <p class='ocr_par' dir='ltr' id='par_1_2' title="bbox 574 411 1009 462">
     <span class='ocr_line' id='line_1_4' title="bbox 574 411 1009 462; baseline 0.002 -4"><span class='ocrx_word' id='word_1_6' title='bbox 574 412 707 462; x_wconf 75' lang='lat' dir='ltr'><strong>uocum</strong></span> <span class='ocrx_word' id='word_1_7' title='bbox 732 412 778 459; x_wconf 85' lang='lat' dir='ltr'><strong>DE</strong></span> <span class='ocrx_word' id='word_1_8' title='bbox 802 411 1009 460; x_wconf 83' lang='lat' dir='ltr'>WENDOVRR</span> 
     </span>
    </p>
   </div>
   <div class='ocr_carea' id='block_1_3' title="bbox 474 639 1101 729">
    <p class='ocr_par' dir='ltr' id='par_1_3' title="bbox 474 639 1101 729">
     <span class='ocr_line' id='line_1_5' title="bbox 474 639 1101 729; baseline -0.01 -20"><span class='ocrx_word' id='word_1_9' title='bbox 474 644 524 708; x_wconf 82' lang='lat' dir='ltr'><strong>De</strong></span> <span class='ocrx_word' id='word_1_10' title='bbox 537 642 718 729; x_wconf 75' lang='lat' dir='ltr'><strong>turpissima</strong></span> <span class='ocrx_word' id='word_1_11' title='bbox 734 641 915 708; x_wconf 63' lang='lat' dir='ltr'><strong>camellarii</strong></span> <span class='ocrx_word' id='word_1_12' title='bbox 931 639 1101 724; x_wconf 78' lang='lat' dir='ltr'><strong>dejectione.</strong></span> 
     </span>
    </p>
   </div>
   <div class='ocr_carea' id='block_1_4' title="bbox 307 761 1274 3323">
    <p class='ocr_par' dir='ltr' id='par_1_4' title="bbox 307 761 1274 3323">
     <span class='ocr_line' id='line_1_6' title="bbox 366 761 1274 850; baseline -0.006 -19"><span class='ocrx_word' id='word_1_13' title='bbox 366 762 507 831; x_wconf 86' lang='lat' dir='ltr'><strong>Eodem¹</strong></span> <span class='ocrx_word' id='word_1_14' title='bbox 522 775 688 850; x_wconf 90' lang='lat' dir='ltr'><strong>tempore,</strong></span> <span class='ocrx_word' id='word_1_15' title='bbox 706 767 749 831; x_wconf 91' lang='lat' dir='ltr'><strong>ad</strong></span> <span class='ocrx_word' id='word_1_16' title='bbox 765 766 967 830; x_wconf 84' lang='lat' dir='ltr'><strong>instantiam</strong></span> <span class='ocrx_word' id='word_1_17' title='bbox 983 764 1119 829; x_wconf 90' lang='lat' dir='ltr'><strong>comitis</strong></span> <span class='ocrx_word' id='word_1_18' title='bbox 1130 761 1154 827; x_wconf 87' lang='lat' dir='ltr'>J</span> <span class='ocrx_word' id='word_1_19' title='bbox 1157 762 1274 827; x_wconf 91' lang='lat' dir='ltr'><strong>ohan-</strong></span> 
     </span>
     <span class='ocr_line' id='line_1_7' title="bbox 315 857 1273 949; baseline -0.003 -21"><span class='ocrx_word' id='word_1_20' title='bbox 315 867 381 943; x_wconf 89' lang='lat' dir='ltr'><strong>nis,</strong></span> <span class='ocrx_word' id='word_1_21' title='bbox 399 866 516 931; x_wconf 87' lang='lat' dir='ltr'><strong>fratris</strong></span> <span class='ocrx_word' id='word_1_22' title='bbox 533 857 624 949; x_wconf 83' lang='lat' dir='ltr'><strong>regis</strong></span> <span class='ocrx_word' id='word_1_23' title='bbox 642 864 791 946; x_wconf 84' lang='lat' dir='ltr'><strong>Angliae,</strong></span> <span class='ocrx_word' id='word_1_24' title='bbox 809 874 1045 929; x_wconf 88' lang='lat' dir='ltr'><strong>convenerunt</strong></span> <span class='ocrx_word' id='word_1_25' title='bbox 1061 861 1154 946; x_wconf 91' lang='lat' dir='ltr'><strong>apud</strong></span> <span class='ocrx_word' id='word_1_26' title='bbox 1176 881 1273 944; x_wconf 90' lang='lat' dir='ltr'><strong>pon·</strong></span> 
     </span>
     <span class='ocr_line' id='line_1_8' title="bbox 315 960 1271 1045; baseline -0.004 -17"><span class='ocrx_word' id='word_1_27' title='bbox 315 973 385 1029; x_wconf 93' lang='lat' dir='ltr'><strong>tem</strong></span> <span class='ocrx_word' id='word_1_28' title='bbox 408 965 451 1030; x_wconf 89' lang='lat' dir='ltr'><strong>de</strong></span> <span class='ocrx_word' id='word_1_29' title='bbox 476 960 656 1030; x_wconf 85' lang='lat' dir='ltr'><strong>²L0ed0ne</strong></span> <span class='ocrx_word' id='word_1_30' title='bbox 682 966 772 1029; x_wconf 91' lang='lat' dir='ltr'><strong>inter</strong></span> <span class='ocrx_word' id='word_1_31' title='bbox 798 964 997 1045; x_wconf 85' lang='lat' dir='ltr'><strong>Radingum</strong></span> <span class='ocrx_word' id='word_1_32' title='bbox 1028 971 1062 1027; x_wconf 89' lang='lat' dir='ltr'><strong>et</strong></span> <span class='ocrx_word' id='word_1_33' title='bbox 1087 961 1271 1026; x_wconf 89' lang='lat' dir='ltr'><strong>Windles-</strong></span> 
     </span>
     <span class='ocr_line' id='line_1_9' title="bbox 315 1060 1269 1146; baseline -0.004 -19"><span class='ocrx_word' id='word_1_34' title='bbox 315 1063 428 1142; x_wconf 90' lang='lat' dir='ltr'><strong>hores,</strong></span> <span class='ocrx_word' id='word_1_35' title='bbox 455 1065 510 1129; x_wconf 87' lang='lat' dir='ltr'><strong>die</strong></span> <span class='ocrx_word' id='word_1_36' title='bbox 538 1066 674 1129; x_wconf 91' lang='lat' dir='ltr'><strong>sabbati</strong></span> <span class='ocrx_word' id='word_1_37' title='bbox 701 1065 858 1146; x_wconf 89' lang='lat' dir='ltr'><strong>proximo</strong></span> <span class='ocrx_word' id='word_1_38' title='bbox 889 1069 968 1146; x_wconf 92' lang='lat' dir='ltr'><strong>post</strong></span> <span class='ocrx_word' id='word_1_39' title='bbox 995 1062 1121 1126; x_wconf 89' lang='lat' dir='ltr'><strong>festum</strong></span> <span class='ocrx_word' id='word_1_40' title='bbox 1149 1060 1269 1124; x_wconf 88' lang='lat' dir='ltr'><strong>sancti</strong></span> 
     </span>
     <span class='ocr_line' id='line_1_10' title="bbox 316 1159 1270 1245; baseline -0.003 -20"><span class='ocrx_word' id='word_1_41' title='bbox 316 1163 510 1241; x_wconf 86' lang='lat' dir='ltr'><strong>Michaelis,</strong></span> <span class='ocrx_word' id='word_1_42' title='bbox 540 1163 583 1227; x_wconf 87' lang='lat' dir='ltr'><strong>ad</strong></span> <span class='ocrx_word' id='word_1_43' title='bbox 607 1164 814 1245; x_wconf 89' lang='lat' dir='ltr'><strong>colloquium</strong></span> <span class='ocrx_word' id='word_1_44' title='bbox 840 1168 1021 1243; x_wconf 83' lang='lat' dir='ltr'><strong>magnates</strong></span> <span class='ocrx_word' id='word_1_45' title='bbox 1043 1160 1193 1243; x_wconf 84' lang='lat' dir='ltr'><strong>Angliae,</strong></span> <span class='ocrx_word' id='word_1_46' title='bbox 1223 1159 1270 1222; x_wconf 90' lang='lat' dir='ltr'><strong>de</strong></span> 
     </span>
     <span class='ocr_line' id='line_1_11' title="bbox 315 1261 1272 1345; baseline -0.001 -20"><span class='ocrx_word' id='word_1_47' title='bbox 315 1263 450 1345; x_wconf 86' lang='lat' dir='ltr'><strong>magnis</strong></span> <span class='ocrx_word' id='word_1_48' title='bbox 473 1271 509 1327; x_wconf 88' lang='lat' dir='ltr'><strong>et</strong></span> <span class='ocrx_word' id='word_1_49' title='bbox 530 1262 646 1327; x_wconf 85' lang='lat' dir='ltr'><strong>arduis</strong></span> <span class='ocrx_word' id='word_1_50' title='bbox 671 1262 763 1343; x_wconf 82' lang='lat' dir='ltr'><strong>regis</strong></span> <span class='ocrx_word' id='word_1_51' title='bbox 784 1270 818 1326; x_wconf 90' lang='lat' dir='ltr'><strong>et</strong></span> <span class='ocrx_word' id='word_1_52' title='bbox 840 1263 938 1343; x_wconf 79' lang='lat' dir='ltr'><strong>regni</strong></span> <span class='ocrx_word' id='word_1_53' title='bbox 960 1261 1109 1342; x_wconf 83' lang='lat' dir='ltr'><strong>negotiis</strong></span> <span class='ocrx_word' id='word_1_54' title='bbox 1134 1267 1272 1324; x_wconf 86' lang='lat' dir='ltr'><strong>tracta-</strong></span> 
     </span>
     <span class='ocr_line' id='line_1_12' title="bbox 315 1358 1269 1442; baseline -0.001 -18"><span class='ocrx_word' id='word_1_55' title='bbox 315 1362 395 1425; x_wconf 88' lang='lat' dir='ltr'><strong>turi.</strong></span> <span class='ocrx_word' id='word_1_56' title='bbox 437 1361 480 1425; x_wconf 95' lang='lat' dir='ltr'><strong>In</strong></span> <span class='ocrx_word' id='word_1_57' title='bbox 496 1363 647 1426; x_wconf 86' lang='lat' dir='ltr'><strong>crastino</strong></span> <span class='ocrx_word' id='word_1_58' title='bbox 664 1370 792 1438; x_wconf 88' lang='lat' dir='ltr'><strong>autem,</strong></span> <span class='ocrx_word' id='word_1_59' title='bbox 808 1368 880 1426; x_wconf 87' lang='lat' dir='ltr'><strong>tarn</strong></span> <span class='ocrx_word' id='word_1_60' title='bbox 895 1359 1172 1442; x_wconf 85' lang='lat' dir='ltr'><strong>archiepiscopus</strong></span> <span class='ocrx_word' id='word_1_61' title='bbox 1188 1358 1269 1423; x_wconf 92' lang='lat' dir='ltr'><strong>Ro-</strong></span> 
     </span>
     <span class='ocr_line' id='line_1_13' title="bbox 315 1458 1269 1543; baseline 0.001 -21"><span class='ocrx_word' id='word_1_62' title='bbox 315 1459 562 1542; x_wconf 83' lang='lat' dir='ltr'><strong>thomagensis,</strong></span> <span class='ocrx_word' id='word_1_63' title='bbox 584 1480 688 1543; x_wconf 90' lang='lat' dir='ltr'><strong>quam</strong></span> <span class='ocrx_word' id='word_1_64' title='bbox 704 1460 932 1524; x_wconf 88' lang='lat' dir='ltr'><strong>Eboracensis</strong></span> <span class='ocrx_word' id='word_1_65' title='bbox 954 1466 991 1523; x_wconf 89' lang='lat' dir='ltr'><strong>et</strong></span> <span class='ocrx_word' id='word_1_66' title='bbox 1011 1458 1165 1541; x_wconf 88' lang='lat' dir='ltr'><strong>episcopi</strong></span> <span class='ocrx_word' id='word_1_67' title='bbox 1188 1477 1269 1523; x_wconf 90' lang='lat' dir='ltr'><strong>om·</strong></span> 
     </span>
     <span class='ocr_line' id='line_1_14' title="bbox 315 1556 1268 1643; baseline 0.002 -23"><span class='ocrx_word' id='word_1_68' title='bbox 315 1579 388 1636; x_wconf 75' lang='lat' dir='ltr'><strong>neS,</strong></span> <span class='ocrx_word' id='word_1_69' title='bbox 413 1561 473 1643; x_wconf 93' lang='lat' dir='ltr'><strong>qui</strong></span> <span class='ocrx_word' id='word_1_70' title='bbox 498 1560 589 1642; x_wconf 89' lang='lat' dir='ltr'><strong>apud</strong></span> <span class='ocrx_word' id='word_1_71' title='bbox 618 1559 818 1640; x_wconf 81' lang='lat' dir='ltr'><strong>Radingum</strong></span> <span class='ocrx_word' id='word_1_72' title='bbox 841 1565 1074 1623; x_wconf 86' lang='lat' dir='ltr'><strong>convenerant</strong></span> <span class='ocrx_word' id='word_1_73' title='bbox 1093 1564 1132 1621; x_wconf 94' lang='lat' dir='ltr'><strong>ut</strong></span> <span class='ocrx_word' id='word_1_74' title='bbox 1154 1556 1268 1622; x_wconf 92' lang='lat' dir='ltr'><strong>collo·</strong></span> 
     </span>
     <span class='ocr_line' id='line_1_15' title="bbox 314 1657 1268 1740; baseline -0.001 -19"><span class='ocrx_word' id='word_1_75' title='bbox 314 1659 396 1739; x_wconf 90' lang='lat' dir='ltr'><strong>quio</strong></span> <span class='ocrx_word' id='word_1_76' title='bbox 422 1661 640 1736; x_wconf 81' lang='lat' dir='ltr'><strong>interessent,</strong></span> <span class='ocrx_word' id='word_1_77' title='bbox 663 1678 781 1722; x_wconf 91' lang='lat' dir='ltr'><strong>omnes</strong></span> <span class='ocrx_word' id='word_1_78' title='bbox 809 1658 900 1734; x_wconf 85' lang='lat' dir='ltr'><strong>illos,</strong></span> <span class='ocrx_word' id='word_1_79' title='bbox 922 1658 982 1740; x_wconf 93' lang='lat' dir='ltr'><strong>qui</strong></span> <span class='ocrx_word' id='word_1_80' title='bbox 1007 1657 1187 1721; x_wconf 91' lang='lat' dir='ltr'><strong>consilium</strong></span> <span class='ocrx_word' id='word_1_81' title='bbox 1207 1659 1268 1723; x_wconf 91' lang='lat' dir='ltr'><strong>vel</strong></span> 
     </span>
     <span class='ocr_line' id='line_1_16' title="bbox 314 1754 1268 1839; baseline 0.001 -20"><span class='ocrx_word' id='word_1_82' title='bbox 314 1758 482 1821; x_wconf 90' lang='lat' dir='ltr'><strong>auxilium</strong></span> <span class='ocrx_word' id='word_1_83' title='bbox 507 1765 569 1821; x_wconf 92' lang='lat' dir='ltr'><strong>aut</strong></span> <span class='ocrx_word' id='word_1_84' title='bbox 597 1757 798 1822; x_wconf 90' lang='lat' dir='ltr'><strong>mandatum</strong></span> <span class='ocrx_word' id='word_1_85' title='bbox 825 1757 991 1822; x_wconf 89' lang='lat' dir='ltr'><strong>dederant</strong></span> <span class='ocrx_word' id='word_1_86' title='bbox 1024 1762 1064 1820; x_wconf 90' lang='lat' dir='ltr'><strong>ut</strong></span> <span class='ocrx_word' id='word_1_87' title='bbox 1091 1754 1268 1839; x_wconf 89' lang='lat' dir='ltr'><strong>archiepi-</strong></span> 
     </span>
     <span class='ocr_line' id='line_1_17' title="bbox 313 1854 1269 1939; baseline 0.003 -22"><span class='ocrx_word' id='word_1_88' title='bbox 313 1874 440 1939; x_wconf 89' lang='lat' dir='ltr'><strong>scopus</strong></span> <span class='ocrx_word' id='word_1_89' title='bbox 456 1857 681 1921; x_wconf 89' lang='lat' dir='ltr'><strong>Eboracensis</strong></span> <span class='ocrx_word' id='word_1_90' title='bbox 703 1859 746 1921; x_wconf 86' lang='lat' dir='ltr'><strong>ab</strong></span> <span class='ocrx_word' id='word_1_91' title='bbox 773 1858 919 1933; x_wconf 87' lang='lat' dir='ltr'><strong>ecclesia</strong></span> <span class='ocrx_word' id='word_1_92' title='bbox 935 1854 1187 1932; x_wconf 85' lang='lat' dir='ltr'><strong>extraheretur,</strong></span> <span class='ocrx_word' id='word_1_93' title='bbox 1211 1856 1269 1921; x_wconf 90' lang='lat' dir='ltr'><strong>in-</strong></span> 
     </span>
     <span class='ocr_line' id='line_1_18' title="bbox 313 1954 1267 2036; baseline 0.001 -20"><span class='ocrx_word' id='word_1_94' title='bbox 313 1954 417 2036; x_wconf 84' lang='lat' dir='ltr'><strong>digne</strong></span> <span class='ocrx_word' id='word_1_95' title='bbox 440 1963 659 2034; x_wconf 91' lang='lat' dir='ltr'><strong>tractaretur,</strong></span> <span class='ocrx_word' id='word_1_96' title='bbox 683 1957 718 2019; x_wconf 92' lang='lat' dir='ltr'><strong>in</strong></span> <span class='ocrx_word' id='word_1_97' title='bbox 739 1976 909 2021; x_wconf 85' lang='lat' dir='ltr'><strong>carcerem</strong></span> <span class='ocrx_word' id='word_1_98' title='bbox 928 1955 1136 2031; x_wconf 89' lang='lat' dir='ltr'><strong>truderetur,</strong></span> <span class='ocrx_word' id='word_1_99' title='bbox 1159 1956 1267 2018; x_wconf 86' lang='lat' dir='ltr'><strong>terri-</strong></span> 
     </span>
     <span class='ocr_line' id='line_1_19' title="bbox 314 2054 1268 2132; baseline 0.003 -15"><span class='ocrx_word' id='word_1_100' title='bbox 314 2054 428 2119; x_wconf 85' lang='lat' dir='ltr'><strong>biliter·</strong></span> <span class='ocrx_word' id='word_1_101' title='bbox 450 2055 602 2119; x_wconf 89' lang='lat' dir='ltr'><strong>candelis</strong></span> <span class='ocrx_word' id='word_1_102' title='bbox 627 2057 779 2120; x_wconf 90' lang='lat' dir='ltr'><strong>accensis</strong></span> <span class='ocrx_word' id='word_1_103' title='bbox 802 2056 1200 2132; x_wconf 86' lang='lat' dir='ltr'><strong>excommunicaverunt,</strong></span> <span class='ocrx_word' id='word_1_104' title='bbox 1228 2064 1268 2120; x_wconf 89' lang='lat' dir='ltr'><strong>et</strong></span> 
     </span>
     <span class='ocr_line' id='line_1_20' title="bbox 312 2149 1267 2220; baseline 0.003 -5"><span class='ocrx_word' id='word_1_105' title='bbox 312 2149 531 2219; x_wconf 81' lang='lat' dir='ltr'><strong>nominatim³</strong></span> <span class='ocrx_word' id='word_1_106' title='bbox 542 2153 726 2220; x_wconf 87' lang='lat' dir='ltr'><strong>Albertum</strong></span> <span class='ocrx_word' id='word_1_107' title='bbox 743 2156 786 2220; x_wconf 91' lang='lat' dir='ltr'><strong>de</strong></span> <span class='ocrx_word' id='word_1_108' title='bbox 803 2154 957 2218; x_wconf 91' lang='lat' dir='ltr'><strong>Marines</strong></span> <span class='ocrx_word' id='word_1_109' title='bbox 973 2163 1008 2218; x_wconf 89' lang='lat' dir='ltr'><strong>et</strong></span> <span class='ocrx_word' id='word_1_110' title='bbox 1018 2154 1267 2218; x_wconf 87' lang='lat' dir='ltr'><strong>Alexandrum</strong></span> 
     </span>
     <span class='ocr_line' id='line_1_21' title="bbox 312 2251 1266 2336; baseline 0.003 -21"><span class='ocrx_word' id='word_1_111' title='bbox 312 2251 455 2318; x_wconf 90' lang='lat' dir='ltr'><strong>Puintil.</strong></span> <span class='ocrx_word' id='word_1_112' title='bbox 500 2254 636 2318; x_wconf 88' lang='lat' dir='ltr'><strong>Deinde</strong></span> <span class='ocrx_word' id='word_1_113' title='bbox 655 2253 710 2317; x_wconf 88' lang='lat' dir='ltr'><strong>die</strong></span> <span class='ocrx_word' id='word_1_114' title='bbox 727 2254 836 2318; x_wconf 87' lang='lat' dir='ltr'><strong>Luuae</strong></span> <span class='ocrx_word' id='word_1_115' title='bbox 855 2254 1013 2336; x_wconf 89' lang='lat' dir='ltr'><strong>proximo</strong></span> <span class='ocrx_word' id='word_1_116' title='bbox 1035 2272 1150 2317; x_wconf 91' lang='lat' dir='ltr'><strong>comes</strong></span> <span class='ocrx_word' id='word_1_117' title='bbox 1168 2273 1266 2334; x_wconf 86' lang='lat' dir='ltr'><strong>pree·</strong></span> 
     </span>
     <span class='ocr_line' id='line_1_22' title="bbox 310 2350 1264 2436; baseline 0.005 -24"><span class='ocrx_word' id='word_1_118' title='bbox 310 2350 415 2428; x_wconf 88' lang='lat' dir='ltr'><strong>fatus,</strong></span> <span class='ocrx_word' id='word_1_119' title='bbox 438 2353 521 2435; x_wconf 92' lang='lat' dir='ltr'><strong>quia</strong></span> <span class='ocrx_word' id='word_1_120' title='bbox 544 2353 769 2417; x_wconf 90' lang='lat' dir='ltr'><strong>cancellarius</strong></span> <span class='ocrx_word' id='word_1_121' title='bbox 790 2353 865 2436; x_wconf 87' lang='lat' dir='ltr'><strong>ejus</strong></span> <span class='ocrx_word' id='word_1_122' title='bbox 886 2353 1051 2434; x_wconf 90' lang='lat' dir='ltr'><strong>impetum</strong></span> <span class='ocrx_word' id='word_1_123' title='bbox 1070 2353 1264 2432; x_wconf 86' lang='lat' dir='ltr'><strong>metuebat,</strong></span> 
     </span>
     <span class='ocr_line' id='line_1_23' title="bbox 311 2449 1262 2533; baseline 0.004 -21"><span class='ocrx_word' id='word_1_124' title='bbox 311 2449 354 2511; x_wconf 92' lang='lat' dir='ltr'><strong>ad</strong></span> <span class='ocrx_word' id='word_1_125' title='bbox 372 2470 507 2514; x_wconf 87' lang='lat' dir='ltr'><strong>omnem</strong></span> <span class='ocrx_word' id='word_1_126' title='bbox 529 2453 757 2533; x_wconf 88' lang='lat' dir='ltr'><strong>suspicionem</strong></span> <span class='ocrx_word' id='word_1_127' title='bbox 778 2451 976 2529; x_wconf 87' lang='lat' dir='ltr'><strong>tollendam,</strong></span> <span class='ocrx_word' id='word_1_128' title='bbox 996 2453 1033 2515; x_wconf 93' lang='lat' dir='ltr'><strong>in</strong></span> <span class='ocrx_word' id='word_1_129' title='bbox 1054 2451 1130 2515; x_wconf 89' lang='lat' dir='ltr'><strong>loco</strong></span> <span class='ocrx_word' id='word_1_130' title='bbox 1153 2453 1262 2516; x_wconf 90' lang='lat' dir='ltr'><strong>tutis·</strong></span> 
     </span>
     <span class='ocr_line' id='line_1_24' title="bbox 310 2549 1265 2631; baseline 0.007 -21"><span class='ocrx_word' id='word_1_131' title='bbox 310 2549 398 2611; x_wconf 89' lang='lat' dir='ltr'><strong>simo</strong></span> <span class='ocrx_word' id='word_1_132' title='bbox 432 2569 539 2631; x_wconf 90' lang='lat' dir='ltr'><strong>prope</strong></span> <span class='ocrx_word' id='word_1_133' title='bbox 576 2550 754 2614; x_wconf 86' lang='lat' dir='ltr'><strong>castellum</strong></span> <span class='ocrx_word' id='word_1_134' title='bbox 789 2551 832 2615; x_wconf 93' lang='lat' dir='ltr'><strong>de</strong></span> <span class='ocrx_word' id='word_1_135' title='bbox 864 2550 1137 2628; x_wconf 89' lang='lat' dir='ltr'><strong>Windleshores,</strong></span> <span class='ocrx_word' id='word_1_136' title='bbox 1167 2551 1265 2617; x_wconf 85' lang='lat' dir='ltr'><strong>sicut</strong></span> 
     </span>
     <span class='ocr_line' id='line_1_25' title="bbox 310 2644 1265 2733; baseline 0.008 -25"><span class='ocrx_word' id='word_1_137' title='bbox 310 2644 401 2711; x_wconf 90' lang='lat' dir='ltr'><strong>idem</strong></span> <span class='ocrx_word' id='word_1_138' title='bbox 418 2646 644 2713; x_wconf 89' lang='lat' dir='ltr'><strong>cancellarius</strong></span> <span class='ocrx_word' id='word_1_139' title='bbox 655 2651 820 2732; x_wconf 90' lang='lat' dir='ltr'><strong>petierat,</strong></span> <span class='ocrx_word' id='word_1_140' title='bbox 845 2649 888 2712; x_wconf 91' lang='lat' dir='ltr'><strong>ad</strong></span> <span class='ocrx_word' id='word_1_141' title='bbox 906 2650 1116 2733; x_wconf 90' lang='lat' dir='ltr'><strong>colloquium</strong></span> <span class='ocrx_word' id='word_1_142' title='bbox 1140 2652 1265 2716; x_wconf 86' lang='lat' dir='ltr'><strong>venire</strong></span> 
     </span>
     <span class='ocr_line' id='line_1_26' title="bbox 309 2747 1265 2831; baseline 0.008 -24"><span class='ocrx_word' id='word_1_143' title='bbox 309 2747 501 2828; x_wconf 89' lang='lat' dir='ltr'><strong>proposuit,</strong></span> <span class='ocrx_word' id='word_1_144' title='bbox 527 2748 621 2812; x_wconf 89' lang='lat' dir='ltr'><strong>facta</strong></span> <span class='ocrx_word' id='word_1_145' title='bbox 646 2749 677 2812; x_wconf 91' lang='lat' dir='ltr'><strong>ei</strong></span> <span class='ocrx_word' id='word_1_146' title='bbox 701 2749 796 2830; x_wconf 91' lang='lat' dir='ltr'><strong>prius</strong></span> <span class='ocrx_word' id='word_1_147' title='bbox 819 2750 1005 2812; x_wconf 84' lang='lat' dir='ltr'><strong>securitate</strong></span> <span class='ocrx_word' id='word_1_148' title='bbox 1032 2768 1094 2831; x_wconf 90' lang='lat' dir='ltr'><strong>per</strong></span> <span class='ocrx_word' id='word_1_149' title='bbox 1117 2768 1265 2815; x_wconf 89' lang='lat' dir='ltr'><strong>manum</strong></span> 
     </span>
     <span class='ocr_line' id='line_1_27' title="bbox 309 2843 1260 2928; baseline 0.008 -22"><span class='ocrx_word' id='word_1_150' title='bbox 309 2843 461 2928; x_wconf 89' lang='lat' dir='ltr'><strong>episcopi</strong></span> <span class='ocrx_word' id='word_1_151' title='bbox 478 2846 746 2926; x_wconf 82' lang='lat' dir='ltr'><strong>Londoniensis3</strong></span> <span class='ocrx_word' id='word_1_152' title='bbox 774 2846 833 2910; x_wconf 89' lang='lat' dir='ltr'><strong>sed</strong></span> <span class='ocrx_word' id='word_1_153' title='bbox 852 2848 1089 2924; x_wconf 88' lang='lat' dir='ltr'><strong>cancellarius,</strong></span> <span class='ocrx_word' id='word_1_154' title='bbox 1113 2847 1178 2911; x_wconf 91' lang='lat' dir='ltr'><strong>hac</strong></span> <span class='ocrx_word' id='word_1_155' title='bbox 1200 2868 1260 2914; x_wconf 86' lang='lat' dir='ltr'><strong>se·</strong></span> 
     </span>
     <span class='ocr_line' id='line_1_28' title="bbox 309 2940 1262 3028; baseline 0.009 -23"><span class='ocrx_word' id='word_1_156' title='bbox 309 2944 454 3009; x_wconf 90' lang='lat' dir='ltr'><strong>curitate</strong></span> <span class='ocrx_word' id='word_1_157' title='bbox 475 2965 545 3008; x_wconf 93' lang='lat' dir='ltr'><strong>non</strong></span> <span class='ocrx_word' id='word_1_158' title='bbox 572 2952 767 3022; x_wconf 89' lang='lat' dir='ltr'><strong>contentus,</strong></span> <span class='ocrx_word' id='word_1_159' title='bbox 791 2945 971 3009; x_wconf 79' lang='lat' dir='ltr'><strong>confestim</strong></span> <span class='ocrx_word' id='word_1_160' title='bbox 991 2947 1127 3028; x_wconf 82' lang='lat' dir='ltr'><strong>fugiens</strong></span> <span class='ocrx_word' id='word_1_161' title='bbox 1144 2940 1262 3014; x_wconf 73' lang='lat' dir='ltr'><strong>*intra</strong></span> 
     </span>
     <span class='ocr_line' id='line_1_29' title="bbox 307 3043 1264 3128; baseline 0.007 -24"><span class='ocrx_word' id='word_1_162' title='bbox 307 3044 429 3106; x_wconf 89' lang='lat' dir='ltr'><strong>turrim</strong></span> <span class='ocrx_word' id='word_1_163' title='bbox 453 3043 709 3107; x_wconf 91' lang='lat' dir='ltr'><strong>Londoniarum</strong></span> <span class='ocrx_word' id='word_1_164' title='bbox 730 3063 806 3108; x_wconf 90' lang='lat' dir='ltr'><strong>sese</strong></span> <span class='ocrx_word' id='word_1_165' title='bbox 830 3046 970 3128; x_wconf 84' lang='lat' dir='ltr'><strong>recepit.</strong></span> <span class='ocrx_word' id='word_1_166' title='bbox 1022 3045 1176 3110; x_wconf 90' lang='lat' dir='ltr'><strong>Audiens</strong></span> <span class='ocrx_word' id='word_1_167' title='bbox 1195 3067 1264 3112; x_wconf 86' lang='lat' dir='ltr'><strong>au-</strong></span> 
     </span>
     <span class='ocr_line' id='line_1_30' title="bbox 308 3142 1259 3225; baseline 0.008 -22"><span class='ocrx_word' id='word_1_168' title='bbox 308 3147 378 3204; x_wconf 90' lang='lat' dir='ltr'><strong>tem</strong></span> <span class='ocrx_word' id='word_1_169' title='bbox 408 3161 522 3206; x_wconf 86' lang='lat' dir='ltr'><strong>comes</strong></span> <span class='ocrx_word' id='word_1_170' title='bbox 553 3142 644 3224; x_wconf 92' lang='lat' dir='ltr'><strong>quod</strong></span> <span class='ocrx_word' id='word_1_171' title='bbox 672 3143 810 3225; x_wconf 82' lang='lat' dir='ltr'><strong>fugerat</strong></span> <span class='ocrx_word' id='word_1_172' title='bbox 834 3144 1071 3220; x_wconf 85' lang='lat' dir='ltr'><strong>cancellarius,</strong></span> <span class='ocrx_word' id='word_1_173' title='bbox 1094 3144 1190 3209; x_wconf 88' lang='lat' dir='ltr'><strong>venit</strong></span> <span class='ocrx_word' id='word_1_174' title='bbox 1220 3154 1259 3211; x_wconf 92' lang='lat' dir='ltr'><strong>et</strong></span> 
     </span>
     <span class='ocr_line' id='line_1_31' title="bbox 307 3239 1258 3323; baseline 0.008 -22"><span class='ocrx_word' id='word_1_175' title='bbox 307 3239 382 3320; x_wconf 92' lang='lat' dir='ltr'><strong>ipse</strong></span> <span class='ocrx_word' id='word_1_176' title='bbox 398 3240 617 3320; x_wconf 87' lang='lat' dir='ltr'><strong>Londonias;</strong></span> <span class='ocrx_word' id='word_1_177' title='bbox 644 3241 717 3319; x_wconf 90' lang='lat' dir='ltr'><strong>sed,</strong></span> <span class='ocrx_word' id='word_1_178' title='bbox 738 3261 816 3306; x_wconf 93' lang='lat' dir='ltr'><strong>cum</strong></span> <span class='ocrx_word' id='word_1_179' title='bbox 840 3243 973 3323; x_wconf 88' lang='lat' dir='ltr'><strong>ingredi</strong></span> <span class='ocrx_word' id='word_1_180' title='bbox 998 3242 1103 3307; x_wconf 86' lang='lat' dir='ltr'><strong>vellet</strong></span> <span class='ocrx_word' id='word_1_181' title='bbox 1129 3244 1258 3309; x_wconf 86' lang='lat' dir='ltr'><strong>civita-</strong></span> 
     </span>
    </p>
   </div>
   <div class='ocr_carea' id='block_1_5' title="bbox 251 3339 1259 3422">
    <p class='ocr_par' dir='ltr' id='par_1_5' title="bbox 251 3339 1259 3422">
     <span class='ocr_line' id='line_1_32' title="bbox 251 3339 1259 3422; baseline 0.006 -22"><span class='ocrx_word' id='word_1_182' title='bbox 251 3411 257 3417; x_wconf 40' lang='lat'><strong>,</strong></span> <span class='ocrx_word' id='word_1_183' title='bbox 307 3345 390 3415; x_wconf 90' lang='lat' dir='ltr'><strong>tem,</strong></span> <span class='ocrx_word' id='word_1_184' title='bbox 412 3340 533 3403; x_wconf 89' lang='lat' dir='ltr'><strong>obvios</strong></span> <span class='ocrx_word' id='word_1_185' title='bbox 559 3339 680 3403; x_wconf 89' lang='lat' dir='ltr'><strong>habuit</strong></span> <span class='ocrx_word' id='word_1_186' title='bbox 703 3341 819 3422; x_wconf 85' lang='lat' dir='ltr'><strong>plures</strong></span> <span class='ocrx_word' id='word_1_187' title='bbox 841 3341 884 3404; x_wconf 92' lang='lat' dir='ltr'><strong>de</strong></span> <span class='ocrx_word' id='word_1_188' title='bbox 905 3342 1036 3405; x_wconf 83' lang='lat' dir='ltr'><strong>familia</strong></span> <span class='ocrx_word' id='word_1_189' title='bbox 1057 3341 1259 3408; x_wconf 86' lang='lat' dir='ltr'><strong>cancellarii</strong></span> 
     </span>
    </p>
   </div>
   <div class='ocr_carea' id='block_1_6' title="bbox 307 3432 1259 3524">
    <p class='ocr_par' dir='ltr' id='par_1_6' title="bbox 307 3432 1259 3524">
     <span class='ocr_line' id='line_1_33' title="bbox 307 3432 1259 3524; baseline 0.011 -26"><span class='ocrx_word' id='word_1_190' title='bbox 307 3432 449 3500; x_wconf 86' lang='lat' dir='ltr'><strong>milites⁵</strong></span> <span class='ocrx_word' id='word_1_191' title='bbox 477 3445 640 3515; x_wconf 64' lang='lat' dir='ltr'><strong>armatos</strong></span> <span class='ocrx_word' id='word_1_192' title='bbox 671 3440 731 3521; x_wconf 89' lang='lat' dir='ltr'><strong>qui</strong></span> <span class='ocrx_word' id='word_1_193' title='bbox 762 3440 886 3521; x_wconf 83' lang='lat' dir='ltr'><strong>gladiis</strong></span> <span class='ocrx_word' id='word_1_194' title='bbox 915 3442 1044 3504; x_wconf 85' lang='lat' dir='ltr'><strong>exertis</strong></span> <span class='ocrx_word' id='word_1_195' title='bbox 1075 3442 1189 3524; x_wconf 90' lang='lat' dir='ltr'><strong>ipsum</strong></span> <span class='ocrx_word' id='word_1_196' title='bbox 1220 3450 1259 3508; x_wconf 91' lang='lat' dir='ltr'><strong>et</strong></span> 
     </span>
    </p>
   </div>
   <div class='ocr_carea' id='block_1_7' title="bbox 302 3633 1261 4260">
    <p class='ocr_par' dir='ltr' id='par_1_7' title="bbox 302 3633 1261 4260">
     <span class='ocr_line' id='line_1_34' title="bbox 340 3633 1259 3707; baseline 0.009 -21"><span class='ocrx_word' id='word_1_197' title='bbox 340 3634 449 3686; x_wconf 75' lang='lat' dir='ltr'><strong>¹Eodem</strong></span> <span class='ocrx_word' id='word_1_198' title='bbox 470 3642 582 3702; x_wconf 80' lang='lat' dir='ltr'><strong>tempore.</strong></span> <span class='ocrx_word' id='word_1_199' title='bbox 593 3633 605 3707; x_wconf 92' lang='lat'>]</span> <span class='ocrx_word' id='word_1_200' title='bbox 629 3639 683 3688; x_wconf 86' lang='lat' dir='ltr'><strong>The</strong></span> <span class='ocrx_word' id='word_1_201' title='bbox 702 3639 767 3689; x_wconf 84' lang='lat' dir='ltr'><strong>facts</strong></span> <span class='ocrx_word' id='word_1_202' title='bbox 792 3639 854 3702; x_wconf 79' lang='lat' dir='ltr'><strong>high</strong></span> <span class='ocrx_word' id='word_1_203' title='bbox 865 3643 926 3691; x_wconf 85' lang='lat' dir='ltr'><strong>read</strong></span> <span class='ocrx_word' id='word_1_204' title='bbox 937 3657 999 3691; x_wconf 87' lang='lat' dir='ltr'><strong>near</strong></span> <span class='ocrx_word' id='word_1_205' title='bbox 1009 3643 1135 3704; x_wconf 88' lang='lat' dir='ltr'><strong>Windsor,</strong></span> <span class='ocrx_word' id='word_1_206' title='bbox 1145 3642 1202 3693; x_wconf 88' lang='lat' dir='ltr'><strong>that</strong></span> <span class='ocrx_word' id='word_1_207' title='bbox 1213 3645 1259 3694; x_wconf 83' lang='lat' dir='ltr'><strong>the</strong></span> 
     </span>
     <span class='ocr_line' id='line_1_35' title="bbox 304 3706 1257 3774; baseline 0.009 -19"><span class='ocrx_word' id='word_1_208' title='bbox 304 3706 435 3769; x_wconf 79' lang='lat' dir='ltr'><strong>following</strong></span> <span class='ocrx_word' id='word_1_209' title='bbox 457 3723 552 3769; x_wconf 86' lang='lat' dir='ltr'><strong>appear·</strong></span> <span class='ocrx_word' id='word_1_210' title='bbox 573 3714 598 3757; x_wconf 90' lang='lat' dir='ltr'><strong>to</strong></span> <span class='ocrx_word' id='word_1_211' title='bbox 620 3709 685 3757; x_wconf 86' lang='lat' dir='ltr'><strong>heve</strong></span> <span class='ocrx_word' id='word_1_212' title='bbox 703 3710 768 3757; x_wconf 85' lang='lat' dir='ltr'><strong>been</strong></span> <span class='ocrx_word' id='word_1_213' title='bbox 791 3712 901 3771; x_wconf 82' lang='lat' dir='ltr'><strong>meeting</strong></span> <span class='ocrx_word' id='word_1_214' title='bbox 915 3727 970 3760; x_wconf 83' lang='lat' dir='ltr'><strong>was</strong></span> <span class='ocrx_word' id='word_1_215' title='bbox 986 3712 1063 3773; x_wconf 81' lang='lat' dir='ltr'><strong>held3</strong></span> <span class='ocrx_word' id='word_1_216' title='bbox 1084 3713 1162 3774; x_wconf 82' lang='lat' dir='ltr'><strong>Angl.</strong></span> <span class='ocrx_word' id='word_1_217' title='bbox 1182 3715 1257 3765; x_wconf 84' lang='lat' dir='ltr'><strong>Sacr.</strong></span> 
     </span>
     <span class='ocr_line' id='line_1_36' title="bbox 305 3776 925 3839; baseline 0.005 -13"><span class='ocrx_word' id='word_1_218' title='bbox 305 3776 426 3838; x_wconf 78' lang='lat' dir='ltr'><strong>guthered</strong></span> <span class='ocrx_word' id='word_1_219' title='bbox 437 3776 527 3837; x_wconf 84' lang='lat' dir='ltr'><strong>chiefly</strong></span> <span class='ocrx_word' id='word_1_220' title='bbox 535 3777 597 3826; x_wconf 74' lang='lat' dir='ltr'><strong>hom</strong></span> <span class='ocrx_word' id='word_1_221' title='bbox 606 3777 764 3839; x_wconf 77' lang='lat' dir='ltr'><strong>Newburgh,</strong></span> <span class='ocrx_word' id='word_1_222' title='bbox 791 3779 819 3829; x_wconf 92' lang='lat' dir='ltr'><strong>ii.</strong></span> <span class='ocrx_word' id='word_1_223' title='bbox 829 3794 856 3839; x_wconf 90' lang='lat' dir='ltr'><strong>p.</strong></span> <span class='ocrx_word' id='word_1_224' title='bbox 869 3783 925 3830; x_wconf 76' lang='lat'><strong>³96.</strong></span> 
     </span>
     <span class='ocr_line' id='line_1_37' title="bbox 304 3846 1260 3912; baseline 0.01 -18"><span class='ocrx_word' id='word_1_225' title='bbox 304 3846 339 3896; x_wconf 86' lang='lat' dir='ltr'><strong>iv.</strong></span> <span class='ocrx_word' id='word_1_226' title='bbox 351 3846 365 3908; x_wconf 77' lang='lat'>§</span> <span class='ocrx_word' id='word_1_227' title='bbox 377 3849 417 3906; x_wconf 77' lang='lat'><strong>17,</strong></span> <span class='ocrx_word' id='word_1_228' title='bbox 431 3846 481 3894; x_wconf 79' lang='lat' dir='ltr'><strong>and</strong></span> <span class='ocrx_word' id='word_1_229' title='bbox 493 3846 625 3908; x_wconf 80' lang='lat' dir='ltr'><strong>Hoveden,</strong></span> <span class='ocrx_word' id='word_1_230' title='bbox 637 3862 663 3907; x_wconf 90' lang='lat' dir='ltr'><strong>p.</strong></span> <span class='ocrx_word' id='word_1_231' title='bbox 676 3849 734 3896; x_wconf 82' lang='lat'><strong>⁷01.</strong></span> <span class='ocrx_word' id='word_1_232' title='bbox 826 3847 1020 3912; x_wconf 76' lang='lat' dir='ltr'><strong>³Nomiaotim.]</strong></span> <span class='ocrx_word' id='word_1_233' title='bbox 1032 3851 1188 3912; x_wconf 88' lang='lat' dir='ltr'><strong>Diceto,col.</strong></span> <span class='ocrx_word' id='word_1_234' title='bbox 1197 3857 1260 3904; x_wconf 76' lang='grc'><strong>664.</strong></span> 
     </span>
     <span class='ocr_line' id='line_1_38' title="bbox 340 3910 1256 3987; baseline 0.007 -23"><span class='ocrx_word' id='word_1_235' title='bbox 340 3910 489 3983; x_wconf 75' lang='lat' dir='ltr'><strong>&#39;Laedene.]</strong></span> <span class='ocrx_word' id='word_1_236' title='bbox 506 3916 559 3965; x_wconf 66' lang='lat' dir='ltr'><strong>&#39;ibe</strong></span> <span class='ocrx_word' id='word_1_237' title='bbox 575 3918 641 3965; x_wconf 85' lang='lat' dir='ltr'><strong>river</strong></span> <span class='ocrx_word' id='word_1_238' title='bbox 653 3916 766 3974; x_wconf 90' lang='lat' dir='ltr'><strong>Loddon,</strong></span> <span class='ocrx_word' id='word_1_239' title='bbox 825 3915 913 3967; x_wconf 82' lang='lat' dir='ltr'><strong>⁴Intra</strong></span> <span class='ocrx_word' id='word_1_240' title='bbox 935 3920 1024 3968; x_wconf 65' lang='lat' dir='ltr'><strong>taurim</strong></span> <span class='ocrx_word' id='word_1_241' title='bbox 1045 3921 1256 3987; x_wconf 64' lang='lat' dir='ltr'><strong>Londoniarum]</strong></span> 
     </span>
     <span class='ocr_line' id='line_1_39' title="bbox 303 3983 1107 4045; baseline 0.007 -13"><span class='ocrx_word' id='word_1_242' title='bbox 303 3983 389 4033; x_wconf 82' lang='lat' dir='ltr'><strong>which</strong></span> <span class='ocrx_word' id='word_1_243' title='bbox 416 3985 522 4045; x_wconf 87' lang='lat' dir='ltr'><strong>empties</strong></span> <span class='ocrx_word' id='word_1_244' title='bbox 548 3986 620 4034; x_wconf 85' lang='lat' dir='ltr'><strong>itself</strong></span> <span class='ocrx_word' id='word_1_245' title='bbox 643 3986 696 4034; x_wconf 89' lang='lat' dir='ltr'><strong>into</strong></span> <span class='ocrx_word' id='word_1_246' title='bbox 724 3984 766 4033; x_wconf 88' lang='lat' dir='ltr'><strong>the</strong></span> <span class='ocrx_word' id='word_1_247' title='bbox 791 3987 831 4035; x_wconf 91' lang='lat' dir='ltr'><strong>On</strong></span> <span class='ocrx_word' id='word_1_248' title='bbox 844 3988 886 4037; x_wconf 88' lang='lat' dir='ltr'><strong>the</strong></span> <span class='ocrx_word' id='word_1_249' title='bbox 897 3989 940 4037; x_wconf 83' lang='lat' dir='ltr'><strong>eth</strong></span> <span class='ocrx_word' id='word_1_250' title='bbox 951 3988 980 4037; x_wconf 83' lang='lat' dir='ltr'><strong>of</strong></span> <span class='ocrx_word' id='word_1_251' title='bbox 988 3990 1107 4040; x_wconf 84' lang='lat' dir='ltr'><strong>October.</strong></span> 
     </span>
     <span class='ocr_line' id='line_1_40' title="bbox 302 4053 1261 4123; baseline 0.009 -23"><span class='ocrx_word' id='word_1_252' title='bbox 302 4053 420 4104; x_wconf 74' lang='lat' dir='ltr'><strong>&#39;l&#39;hamea</strong></span> <span class='ocrx_word' id='word_1_253' title='bbox 456 4054 487 4101; x_wconf 94' lang='lat' dir='ltr'><strong>In</strong></span> <span class='ocrx_word' id='word_1_254' title='bbox 498 4054 540 4102; x_wconf 87' lang='lat' dir='ltr'><strong>the</strong></span> <span class='ocrx_word' id='word_1_255' title='bbox 548 4054 593 4103; x_wconf 84' lang='lat' dir='ltr'><strong>lile</strong></span> <span class='ocrx_word' id='word_1_256' title='bbox 604 4053 633 4104; x_wconf 84' lang='lat' dir='ltr'><strong>of</strong></span> <span class='ocrx_word' id='word_1_257' title='bbox 646 4055 765 4116; x_wconf 79' lang='lat' dir='ltr'><strong>Geoffrey</strong></span> <span class='ocrx_word' id='word_1_258' title='bbox 825 4055 940 4106; x_wconf 78' lang='lat' dir='ltr'><strong>⁵Mtlites</strong></span> <span class='ocrx_word' id='word_1_259' title='bbox 957 4059 1082 4123; x_wconf 68' lang='lat' dir='ltr'><strong>armatos]</strong></span> <span class='ocrx_word' id='word_1_260' title='bbox 1106 4059 1131 4106; x_wconf 88' lang='grc' dir='ltr'><strong>Α</strong></span> <span class='ocrx_word' id='word_1_261' title='bbox 1150 4064 1210 4119; x_wconf 81' lang='lat' dir='ltr'><strong>part</strong></span> <span class='ocrx_word' id='word_1_262' title='bbox 1228 4063 1261 4110; x_wconf 79' lang='lat' dir='ltr'><strong>of</strong></span> 
     </span>
     <span class='ocr_line' id='line_1_41' title="bbox 302 4122 1258 4191; baseline 0.01 -20"><span class='ocrx_word' id='word_1_263' title='bbox 302 4123 323 4171; x_wconf 85' lang='lat' dir='ltr'><strong>it</strong></span> <span class='ocrx_word' id='word_1_264' title='bbox 335 4125 357 4172; x_wconf 88' lang='lat' dir='ltr'><strong>is</strong></span> <span class='ocrx_word' id='word_1_265' title='bbox 374 4123 430 4172; x_wconf 84' lang='lat' dir='ltr'><strong>said</strong></span> <span class='ocrx_word' id='word_1_266' title='bbox 447 4122 503 4171; x_wconf 85' lang='lat' dir='ltr'><strong>that</strong></span> <span class='ocrx_word' id='word_1_267' title='bbox 520 4125 540 4171; x_wconf 88' lang='lat' dir='ltr'><strong>it</strong></span> <span class='ocrx_word' id='word_1_268' title='bbox 555 4139 610 4174; x_wconf 82' lang='lat' dir='ltr'><strong>was</strong></span> <span class='ocrx_word' id='word_1_269' title='bbox 626 4124 691 4173; x_wconf 79' lang='lat' dir='ltr'><strong>after</strong></span> <span class='ocrx_word' id='word_1_270' title='bbox 705 4124 765 4185; x_wconf 88' lang='lat' dir='ltr'><strong>they</strong></span> <span class='ocrx_word' id='word_1_271' title='bbox 789 4125 832 4174; x_wconf 93' lang='lat' dir='ltr'><strong>the</strong></span> <span class='ocrx_word' id='word_1_272' title='bbox 847 4128 984 4176; x_wconf 91' lang='lat' dir='ltr'><strong>household</strong></span> <span class='ocrx_word' id='word_1_273' title='bbox 1002 4127 1031 4175; x_wconf 84' lang='lat' dir='ltr'><strong>of</strong></span> <span class='ocrx_word' id='word_1_274' title='bbox 1047 4129 1100 4177; x_wconf 85' lang='lat' dir='ltr'><strong>carl</strong></span> <span class='ocrx_word' id='word_1_275' title='bbox 1115 4127 1194 4191; x_wconf 87' lang='lat' dir='ltr'><strong>John,</strong></span> <span class='ocrx_word' id='word_1_276' title='bbox 1211 4145 1258 4180; x_wconf 86' lang='lat' dir='ltr'><strong>ac·</strong></span> 
     </span>
     <span class='ocr_line' id='line_1_42' title="bbox 302 4192 1178 4260; baseline 0.008 -20"><span class='ocrx_word' id='word_1_277' title='bbox 302 4192 353 4241; x_wconf 86' lang='lat' dir='ltr'><strong>hed</strong></span> <span class='ocrx_word' id='word_1_278' title='bbox 376 4193 469 4254; x_wconf 84' lang='lat' dir='ltr'><strong>passed</strong></span> <span class='ocrx_word' id='word_1_279' title='bbox 491 4192 533 4242; x_wconf 85' lang='lat' dir='ltr'><strong>the</strong></span> <span class='ocrx_word' id='word_1_280' title='bbox 551 4194 649 4257; x_wconf 80' lang='lat' dir='ltr'><strong>bridge,</strong></span> <span class='ocrx_word' id='word_1_281' title='bbox 670 4210 703 4243; x_wconf 92' lang='lat' dir='ltr'><strong>on</strong></span> <span class='ocrx_word' id='word_1_282' title='bbox 722 4194 764 4242; x_wconf 91' lang='lat' dir='ltr'><strong>the</strong></span> <span class='ocrx_word' id='word_1_283' title='bbox 790 4197 895 4259; x_wconf 84' lang='lat' dir='ltr'><strong>cording</strong></span> <span class='ocrx_word' id='word_1_284' title='bbox 905 4203 931 4246; x_wconf 91' lang='lat' dir='ltr'><strong>to</strong></span> <span class='ocrx_word' id='word_1_285' title='bbox 942 4197 1073 4260; x_wconf 86' lang='lat' dir='ltr'><strong>Benedict,</strong></span> <span class='ocrx_word' id='word_1_286' title='bbox 1084 4213 1110 4259; x_wconf 90' lang='lat' dir='ltr'><strong>p.</strong></span> <span class='ocrx_word' id='word_1_287' title='bbox 1121 4201 1178 4247; x_wconf 85' lang='grc'><strong>698.</strong></span> 
     </span>
    </p>
   </div>
   <div class='ocr_carea' id='block_1_8' title="bbox 0 0 1434 4876">
    <p class='ocr_par' dir='ltr' id='par_1_8' title="bbox 0 0 1434 4876">
     <span class='ocr_line' id='line_1_43' title="bbox 0 0 1434 4876; baseline 0 4"><span class='ocrx_word' id='word_1_288' title='bbox 0 0 1434 4876; x_wconf 95' lang='lat' dir='ltr'><strong> </strong></span> 
     </span>
    </p>
   </div>
  </div>
 </body>
</html>
