2858 4876
419 395 558 444 neonus
582 395 853 446 msronmnuu.
1041 385 1106 449 157

157 554 366 637 pontificalis
383 553 486 619 officii
509 575 579 619 non
595 555 785 637 susciperet
801 555 1017 637 dignitatem,
1040 557 1107 620 nisi
1119 575 1242 666 ,Agffll

158 656 224 719 sibi
252 656 348 738 prius
382 655 425 719 de
458 656 631 719 communi
669 654 919 723 Liucolniensis
953 657 1106 721 ecclesiae
1120 677 1192 725 aun,

157 756 402 820 canonicorum
435 775 604 819 consensu
634 755 736 819 etde
765 756 906 819 licentia
930 756 1107 822 Chartusi·
1120 726 1226 817 lllllll‘

159 856 250 930 ensis
270 856 395 937 prioris
417 862 604 920 constaret.
658 855 813 936 Cumque
835 875 939 938 super
961 856 1015 920 his
1037 856 1108 921 suf·

158 954 312 1020 ficienter
328 955 443 1019 suerat
464 954 694 1031 satisfactum,
712 954 865 1018 decanus
891 955 1107 1021 lincolnien·

158 1055 206 1119 sis
222 1075 301 1119 cum
323 1056 512 1139 maj0ribus
532 1055 686 1118 ecclesiae
709 1054 752 1118 ad
770 1055 838 1119 Dei
856 1056 968 1120 virum
991 1076 1108 1121 acces·

159 1155 216 1231 sit,
238 1155 298 1239 qui
313 1156 403 1219 inter
416 1155 528 1237 prima
549 1153 723 1236 colloquia
740 1154 790 1218 sic
811 1175 927 1219 eorum
946 1156 1011 1220 sibi
1028 1177 1108 1238 gra·

157 1255 240 1319 tiam
256 1254 465 1332 conciliavit,
484 1261 524 1319 ut
546 1274 624 1318 eum
644 1261 814 1336 pastorem
832 1263 868 1318 et
884 1264 1017 1337 patrem
1035 1258 1106 1339 spi·

158 1355 317 1419 ritualem
332 1356 475 1419 sincerae
487 1353 680 1419 devotionis
694 1362 856 1436 optarent
870 1355 1014 1434 affectu3
1033 1357 1106 1433 sed,

158 1461 197 1519 ut
217 1448 284 1518 ¹illi
301 1455 430 1519 certius
447 1474 566 1518 eorum
584 1473 772 1518 consensus
794 1454 1036 1533 innotesceret,
1058 1458 1106 1521 ibi

159 1574 236 1619 eum
259 1555 373 1619 denuo
396 1555 587 1637 elegerunt,
617 1561 652 1617 et
675 1561 757 1618 tunc
784 1555 895 1636 primo
920 1558 1105 1621 consensit.

158 1655 314 1720 Tandem
336 1674 432 1733 vero,
450 1673 527 1718 cum
550 1655 818 1718 consecrationis
843 1674 967 1718 munus
989 1675 1106 1721 susce·

158 1757 278 1838 pisset,
305 1756 418 1838 prima
451 1754 563 1819 noctis
589 1755 716 1836 quiete,
741 1774 810 1837 qua
842 1755 878 1817 in
904 1756 1107 1839 episcopatu

156 1858 310 1921 membra
331 1855 447 1937 sopori
471 1854 635 1931 dedisset,
656 1862 736 1936 post
761 1855 905 1918 devotas
931 1856 1107 1922 orationes

84 2016 87 2021 .
157 1956 290 2021 audivit
302 1975 423 2021 vocem
440 1954 611 2019 dicentem
627 1954 705 2031 sibi,
722 1947 749 1988 ²‘
759 1955 930 2037 Egressus
945 1975 982 2019 es
999 1958 1035 2020 in
1052 1977 1108 2022 sa·

156 2057 263 2122 lutem
277 2055 397 2140 populi
414 2055 477 2132 tui,
492 2054 528 2118 in
544 2055 692 2119 salutem
708 2074 787 2118 cum
805 2055 944 2120 Christo
962 2055 1044 2121 tuo'

293 2234 344 2300 De
358 2231 525 2298 vinalibus
538 2233 640 2297 sanni
657 2232 721 2296 ciri
735 2232 770 2296 io
784 2231 970 2318 priscopatu.

220 2358 452 2424 Consecratus
476 2363 589 2422 autem
616 2356 682 2420 Dei
709 2375 830 2420 servus
864 2356 972 2439 Hngo
997 2358 1106 2423 eccle÷

158 2460 244 2524 siam
266 2479 365 2524 suam
388 2459 474 2523 adeo
490 2458 688 2522 meritorum
708 2457 817 2521 titulis
834 2457 1034 2535 illustravit,
1056 2460 1107 2523 ita

158 2561 321 2644 populum
353 2559 419 2622 sibi
448 2558 667 2622 commissum
697 2556 810 2621 verbis
842 2557 1040 2622 informavit
1070 2569 1106 2624 et

157 2660 338 2743 exemplis
364 2665 404 2722 ut
427 2659 579 2741 episcopi
609 2677 732 2721 nomen
758 2657 823 2721 sibi
850 2665 942 2722 recte
967 2679 1105 2742 compe·

156 2769 228 2826 tere
243 2760 454 2836 declarabat,
471 2766 576 2840 atque
595 2758 631 2820 in
649 2758 794 2821 ecclesia
810 2757 1000 2822 cathedrali
1018 2759 1105 2824 elec·

158 2868 213 2926 tas
235 2858 436 2925 collocando
459 2876 623 2940 personas
645 2857 735 2921 vivis
764 2856 809 2920 ex
833 2857 1005 2939 lapidibus
1028 2860 1105 2924 Deo

156 2960 389 3025 babitaculum
414 2959 631 3035 construxit3
661 2957 845 3039 potestatis
867 2965 980 3021 autem
1005 2978 1104 3023 secu-

157 3062 240 3126 laris
266 3061 304 3124 in
331 3061 434 3123 rebus
461 3058 615 3122 ecclesiae
641 3057 817 3121 saevientis
842 3059 991 3140 impetus
1017 3059 1104 3124 adeo

156 3166 356 3227 constanter
375 3158 500 3223 elidere
520 3158 710 3235 consuevit,
729 3165 769 3222 ut
786 3164 820 3221 et
838 3150 951 3221 rerum
974 3165 1009 3222 et
1026 3179 1102 3223 cor·

156 3262 249 3346 poris
270 3260 324 3324 sui
343 3259 533 3343 periculum
551 3265 766 3322 contemnere
780 3256 966 3335 videretur,
983 3259 1019 3321 in
1034 3279 1103 3341 quo

156 3369 192 3426 et
212 3361 298 3426 adeo
322 3358 479 3443 profecit,
500 3358 591 3441 quod
617 3367 652 3421 et
669 3357 751 3442 jura
777 3359 954 3445 revocavit
975 3360 1104 3424 amissa

156 3471 192 3526 et
211 3461 392 3526 ecclesiam
428 3476 570 3522 suarna
596 3458 762 3522 servitute
788 3458 994 3538 gravissima
1016 3459 1102 3522 libe·

156 3562 258 3626 ravit.
311 3559 487 3624 Praeterea
507 3559 561 3623 vir
576 3566 717 3621 sanctus
734 3558 853 3622 domos
875 3559 1102 3641 leprosorum,

154 3683 217 3747 per
237 3680 325 3744 quas
350 3659 532 3724 transitum
564 3658 724 3734 faciebat,
751 3656 885 3738 ingredi
911 3661 1101 3737 consuevit,

154 3769 189 3827 et
210 3762 305 3827 viros
327 3775 445 3824 omnes
466 3759 634 3841 leprosos,
654 3764 969 3840 quantumcumque
988 3759 1102 3822 defor-

155 3882 240 3939 mes,
275 3859 425 3926 osculari
460 3866 497 3923 et
529 3859 646 3939 largas
681 3858 916 3941 eleemosynas
946 3859 1102 3924 conferre

154 3963 310 4040 solebat3
340 3960 431 4023 unde
453 3961 554 4024 bonae
579 3958 752 4023 memoriae
772 3957 981 4035 Willelmus,
1007 3960 1101 4043 ejus·

190 4123 272 4198 'mil
288 4129 358 4179 *sibi
367 4128 375 4153 '
384 4129 411 4177 iu
423 4128 480 4178 MS.
676 4123 815 4188 ²Egresm
826 4119 872 4194 ea]
885 4127 1026 4189 ‘Egressus
1037 4143 1065 4176 es
1076 4128 1101 4176 iu

640 4197 747 4246 salutem
759 4212 816 4246 cum
830 4197 931 4247 Christo
941 4193 1003 4258 tuo,’
1017 4200 1046 4248 C.
