2858 4876
324 400 391 466 los
578 412 712 462 nocnnr
736 413 783 461 nn
805 410 1013 460 wnnnovnn

162 591 219 632 nn
230 590 286 629 120⁶
328 593 395 657 que
420 591 495 636 eam
519 571 556 634 iu
580 569 789 684 supplicium
815 575 995 646 aetornum,
1020 567 1086 632 nisi
1108 587 1179 633 nox
1200 569 1276 634 Do·

162 641 303 733 'idid‘
328 672 455 738 minica
474 673 632 749 instaret,
648 670 684 733 in
701 687 771 752 qua
794 668 884 733 ludis
903 669 1032 734 nostris
1048 668 1277 733 theatralibus

88 777 91 783 '
244 844 248 852 ,
327 793 453 840 vacare
481 790 546 836 nos
578 776 717 853 oportet
740 777 777 835 et
803 769 1076 835 vehementiores
1102 770 1278 833 cruciatus

320 873 508 940 animabus
525 870 658 953 miseris
672 869 868 952 adaugere.
869 926 871 930 ,
905 869 1060 953 Cumque
1079 869 1155 934 haec
1169 869 1280 934 dixis-

328 980 393 1053 set,
415 972 538 1037 defixit
558 977 736 1054 aspectum
755 969 958 1054 propensius
983 970 1021 1035 in
1035 971 1148 1036 virum
1174 970 1279 1034 educ-

329 1082 402 1139 tum
422 1080 458 1151 et
477 1078 596 1137 sancto
622 1070 725 1150 dixit,
742 1069 852 1150 ‘Quis
873 1077 928 1135 est
946 1071 1094 1153 agrestis
1114 1071 1192 1149 iste,
1217 1071 1278 1152 qui

328 1169 400 1240 stat
415 1168 565 1239 tecuml’
602 1169 669 1257 Cui
685 1176 838 1249 sanctus,
861 1166 1009 1235 ‘Nonne
1030 1170 1211 1252 cognoscis
1236 1170 1279 1234 il-

327 1273 436 1338 luml'
482 1273 527 1336 Et
552 1270 700 1348 daemon,
715 1269 843 1334 ‘Hunc
867 1268 1040 1335 hominem
1062 1270 1132 1335 vidi
1157 1271 1193 1335 in
1212 1270 1278 1335 Es-

327 1373 427 1439 sexia
436 1373 471 1437 in
481 1371 628 1437 ecclesia
642 1370 686 1434 de
699 1369 880 1449 Tidstude,
895 1370 1033 1436 infesto
1051 1369 1279 1436 dedicationis

327 1473 506 1560 ejusdem!
542 1468 605 1536 Ait
624 1478 778 1549 sanctus,
796 1471 863 1534 ‘In
883 1470 979 1560 quali
997 1470 1118 1536 babitu
1137 1471 1278 1535 ecclesi-

328 1595 383 1640 am
400 1576 578 1656 ingressus
592 1590 629 1636 es
638 1570 666 1636 l’
697 1571 763 1635 ‘In
777 1570 921 1650 habitu,’
936 1571 1061 1655 inquit,
1075 1569 1276 1650 ‘muliebri3

327 1675 388 1739 sed
421 1693 498 1738 cum
528 1669 772 1756 processissem
802 1671 847 1735 ad
878 1671 1131 1755 baptisterium,
1156 1672 1278 1736 volens

327 1775 457 1839 intrare
475 1773 678 1850 cancellum,
694 1773 817 1838 obvius
837 1771 921 1836 mihi
938 1771 1004 1836 fuit
1017 1771 1183 1837 diaconus
1199 1792 1280 1836 cum

328 1873 522 1959 aspersorio
541 1892 641 1957 aquae
662 1872 865 1950 benedictae,
891 1872 950 1955 qui
973 1891 1029 1936 me
1053 1871 1146 1936 illius
1175 1891 1278 1955 aquae

328 1974 511 2058 aspergine
533 1975 584 2038 ita
607 1974 864 2057 praecipitanter
888 1972 1066 2055 effugavit,
1088 1978 1128 2036 ut
1151 1972 1278 2038 clamo

328 2096 400 2140 rem
431 2076 591 2140 emittens
616 2073 744 2138 saltum
768 2072 907 2138 fecerim
929 2072 1143 2138 ab·'ecclesia
1166 2091 1278 2156 usque

327 2177 373 2241 ad
400 2182 549 2259 pratum,
575 2172 667 2257 quod
689 2173 760 2237 fero
782 2192 845 2256 per
865 2172 935 2239 duo
955 2173 1071 2238 stadia
1091 2173 1134 2237 ab
1156 2173 1278 2237 eadem

327 2276 474 2342 ecclesia
505 2281 559 2338 est
583 2271 804 2358 separatum?
848 2271 1055 2338 Affirmabat
1080 2278 1196 2338 autem
1225 2275 1280 2340 vir

327 2376 386 2440 ille
404 2375 561 2454 eductus,
574 2374 634 2438 sed
650 2381 686 2439 et
700 2372 856 2457 plerique
877 2363 1166 2457 parochianorum
1187 2373 1279 2457 idip-

328 2495 405 2540 sum
429 2475 659 2553 testabantur,
680 2492 717 2539 se
732 2473 916 2539 clamorem
940 2473 1036 2538 illum
1052 2473 1203 2551 audisse,
1218 2475 1279 2538 sed

329 2595 470 2640 cansam
486 2575 625 2659 penitus
641 2574 833 2656 ignorasse.

529 2749 585 2846 Do·
593 2747 677 2813 lodis
691 2709 893 2813 theatralibus
906 2747 1085 2812 daemoomn

380 2873 449 2937 His
465 2873 516 2937 ita
533 2873 653 2955 gestis,
667 2878 809 2937 sauctus
823 2865 1011 2936 ¹Domnius
1026 2871 1071 2936 ad
1088 2871 1279 2938 daemonem

326 2974 391 3048 ait,
406 2972 602 3038 ‘Volumus
625 2979 739 3037 tecum
758 2973 820 3050 ira,
845 2979 885 3037 ut
899 2971 999 3036 ludos
1013 2979 1148 3037 vestros
1161 2972 1280 3038 videa-

327 3072 428 3138 mus.’
468 3071 535 3137 Cui
552 3072 701 3152 daemon,
719 3071 778 3136 ‘Si
799 3091 933 3136 mecum
951 3072 1056 3136 vultis
1077 3073 1137 3151 ire,
1157 3081 1280 3139 cavete

329 3193 373 3237 ne
388 3180 560 3255 agrestem
583 3174 675 3237 bunc
693 3172 869 3237 vobiscum
889 3171 1084 3251 adducatis,
1102 3172 1175 3256 qni,
1199 3194 1278 3239 cum

326 3273 402 3336 suis
422 3273 578 3338 redditus
602 3280 707 3351 esset,
726 3279 826 3337 aetus
841 3280 979 3338 nostros
995 3291 1038 3337 ac
1052 3281 1187 3338 secreta
1202 3294 1279 3358 poe-

329 3392 452 3438 narum
477 3393 605 3455 genera
623 3373 717 3456 apud
734 3372 890 3438 viventes
910 3373 1087 3455 detegeret
1102 3381 1138 3437 et
1150 3374 1280 3439 multos

328 3493 351 3538 a
363 3473 491 3538 nostris
505 3473 667 3557 operibns
681 3471 882 3538 revocaret!
899 3471 965 3537 Cui
979 3477 1154 3552 sanctus,‘
1166 3474 1280 3540 Festi·

329 3579 452 3638 nanter
473 3572 633 3656 procede,
652 3592 733 3637 uam
752 3592 818 3656 ego
841 3580 877 3638 et
895 3579 1037 3638 sanctus
1060 3573 1226 3639 Julianus
1244 3581 1281 3640 te

327 3666 526 3757 sequimur.’
576 3673 799 3739 Praecedente
816 3673 936 3757 itaque
961 3673 1130 3753 daemone,
1156 3694 1281 3758 seque·

328 3775 455 3839 bantur
478 3775 603 3854 saneti,
618 3775 742 3840 xvirum
766 3774 864 3838 illum
892 3773 1054 3839 eductum
1082 3793 1201 3840 secum
1226 3775 1280 3841 la·

328 3881 440 3940 tenter
454 3873 672 3940 deducentes.
726 3873 959 3940 Perrexerunt
974 3894 1058 3957 ergo
1079 3874 1123 3940 ad
1139 3876 1281 3959 plagam

327 3975 576 4058 aquilonarem,
596 3976 696 4059 quasi
718 3983 870 4040 montem
887 3975 1125 4059 ascendend03
1149 3983 1184 4042 et
1200 3996 1281 4042 ecce

580 4189 737 4253 ¹Domniar.]
759 4187 923 4242 ‘Dominiue'
934 4193 961 4243 in
973 4193 1031 4244 MS.
