2858 4876
405 401 545 451 anonas
568 390 1093 454 ursroarnaun.113

139 556 209 623 vidi
242 566 277 622 et
310 561 450 641 agnovi,
480 580 559 624 cum
584 561 763 644 spiritibus
786 562 961 646 justorum
986 565 1090 630 beata
1102 579 1187 680 lilius
1153 583 1226 623 11⁹⁶

139 658 254 740 quiete
275 659 387 740 poenis
410 659 567 724 omnibus
594 669 804 744 exemptum,
830 671 925 727 certa
947 683 1149 770 exspec-gs
1101 681 1149 720 οε(
1156 682 1255 722 moonkt

36 761 38 765 ‘
138 757 269 821 tatione
289 759 416 823 divinae
437 758 592 837 visionis,
615 780 685 843 qua
706 769 782 825 erat
804 764 1087 843 remunerandus,
1101 731 1216 772 hm

138 856 454 939 incomparabiliter
467 859 646 924 laetiorem.
681 860 725 923 In
741 861 869 924 eisdem
883 863 967 926 locis
981 884 1088 946 quen·

139 954 219 1019 dam
236 957 308 1020 vidi
330 957 555 1036 sacerdotem,
578 959 637 1042 qui
655 979 733 1022 cum
751 961 850 1024 bonae
868 963 950 1026 vitae
973 983 1089 1028 exem-

138 1055 205 1137 plis
226 1056 278 1120 ita
299 1058 448 1138 gratiam
470 1059 725 1140 praedicationis
752 1059 901 1125 habebat
923 1063 1088 1146 conjunc-

139 1162 221 1232 tam,
238 1162 277 1220 ut
292 1176 362 1221 uon
377 1158 489 1222 solum
503 1158 540 1220 in
557 1158 728 1240 parochiis
746 1179 834 1242 quas
855 1163 1009 1242 regebat,
1026 1164 1086 1226 sed

139 1260 174 1318 et
195 1256 360 1338 populum
378 1257 482 1338 louge
502 1257 652 1338 positum
675 1277 697 1321 a
714 1259 913 1324 criminibus
933 1262 1087 1325 mortife-

140 1355 187 1418 ris
211 1357 409 1435 revocabat,
438 1363 555 1439 atque,
583 1357 661 1422 Deo
686 1366 904 1441 cooperante,
926 1361 1003 1424 aliis
1026 1382 1088 1443 per

141 1473 218 1518 eum
232 1456 350 1520 multis
367 1475 408 1521 ac
424 1455 489 1520 sibi
506 1456 746 1523 inenarrabilis
760 1458 871 1541 gloria
886 1462 1062 1525 restabat!

151 1631 201 1696 Da
212 1633 339 1698 camede
355 1630 418 1699 loeo
433 1634 543 1720 quietis
557 1643 585 1698 at
596 1633 701 1721 pieria
715 1632 828 1699 ibidem
843 1635 1066 1719 quincentum.

69 1794 72 1798 ·
188 1756 310 1822 ‘Hinc
328 1765 445 1823 autem
465 1758 508 1822 ad
527 1758 691 1822 interiora
709 1760 885 1842 praedictae
906 1761 1088 1825 amoenita-

139 1855 184 1920 tis
207 1857 286 1922 loca
308 1858 531 1942 pergentibus
552 1858 664 1942 major
686 1879 821 1943 semper
846 1867 882 1923 et
903 1859 991 1923 lucis
1015 1860 1086 1924 cla-

138 1956 236 2035 ritas,
261 1964 298 2022 et
319 1957 437 2022 odoris
464 1958 632 2035 suavitas,
661 1959 857 2041 candorque
880 1958 1006 2023 ibidem
1028 1960 1087 2023 de·

138 2057 292 2138 gentium
314 2064 350 2120 et
368 2057 571 2141 jucunditas
593 2056 778 2122 arridebat.
840 2057 970 2121 Omnes
994 2078 1087 2135 vero,

138 2174 225 2238 quos
244 2155 341 2220 locus
362 2156 430 2221 iste
449 2162 557 2234 tenet,
575 2175 734 2240 supernae
755 2156 974 2220 Hierusalem
995 2158 1087 2223 cives

138 2261 221 2321 sunt
243 2254 421 2339 adscripti,
449 2257 509 2338 qui
534 2276 657 2339 poenas
683 2255 864 2321 universas
891 2264 964 2320 tam
988 2256 1087 2321 facile

115 2404 119 2411 .
138 2355 361 2433 transierant,
381 2362 485 2438 prout
499 2356 594 2421 vitiis
612 2355 794 2420 mundanis
816 2355 930 2419 minus
949 2355 1087 2420 fuerant

137 2454 274 2520 irretiti.
325 2455 372 2519 Et
387 2474 466 2538 quae
479 2456 554 2540 Jam
570 2475 744 2538 progressi
735 2455 921 2532 vidimus,
937 2475 1007 2518 nou
1021 2455 1087 2518 lin-

139 2573 210 2637 gua
225 2562 396 2631 retexere,
416 2574 486 2649 nou
505 2556 608 2637 digne
623 2555 718 2619 valet
734 2555 886 2642 humana
904 2555 1087 2620 infirmitas

138 2654 333 2737 explicare;
358 2655 436 2737 quis
455 2644 545 2718 euim
569 2654 672 2736 digne
689 2655 803 2718 verbis
820 2645 985 2737 exponat,
1003 2675 1089 2737 qua·

138 2753 241 2819 liter
231 2774 268 2818 ru
284 2753 397 2818 medio
413 2755 594 2836 spirituum
610 2755 803 2830 beatorum,
818 2774 963 2836 quorum
978 2756 1087 2818 millia

137 2853 275 2919 infinita
294 2853 342 2918 ibi
357 2854 638 2931 circumstabant,
659 2855 756 2918 velut
769 2855 1059 2935 praesentialiter
1049 2875 1087 2919 ru

138 2951 204 3018 hac
225 2972 325 3018 sacra
347 2952 565 3017 solemnitate
587 2954 758 3035 passionis
784 2952 989 3030 Dominicae,
1008 2955 1086 3035 pius

138 3051 280 3120 humani
305 3054 443 3135 generis
470 3052 694 3135 Redemptor,
723 3060 888 3135 tanquam
915 3053 951 3116 in
975 3054 1086 3118 crucis

138 3153 257 3236 stipite
274 3172 460 3235 appensus,
480 3151 627 3234 flagellis
652 3158 726 3216 toto
745 3172 888 3235 corpore
911 3160 1086 3230 cruentus,

138 3253 250 3335 sputis
267 3251 526 3330 dehonestatus,
543 3252 651 3335 spinis
666 3258 864 3329 coronatus,
880 3251 988 3317 clavis
1005 3273 1087 3316 con-

138 3351 264 3429 fossus,
293 3351 415 3416 lancea
446 3352 652 3434 perforatus,
680 3371 742 3435 per
769 3370 891 3415 manus
918 3359 954 3415 et
982 3351 1085 3434 pedes

137 3451 203 3516 rivi
224 3452 390 3534 purpurei
413 3451 538 3516 coloris
560 3451 767 3528 defluebant,
790 3471 835 3515 ex
859 3470 958 3514 sacro
978 3452 1085 3514 latere

138 3551 215 3635 ejus
234 3552 377 3633 sanguis
395 3551 551 3616 stillabat
569 3559 603 3615 et
621 3553 736 3634 aquat
773 3551 867 3614 Hinc
879 3559 1001 3627 mater,
1016 3571 1085 3614 nou

134 3650 209 3735 jam
232 3651 343 3716 tristis
365 3657 400 3715 et
421 3651 528 3715 anxia
551 3651 612 3714 sed
637 3651 791 3732 gaudens
817 3657 853 3714 et
871 3650 969 3715 vultu
993 3669 1085 3713 sere·

139 3750 293 3826 sissimo,
310 3758 409 3817 tanto
430 3757 569 3833 tamque
587 3750 749 3814 ineffabili
770 3749 932 3814 adstabat
950 3757 1086 3832 specta·

139 3849 228 3916 culo.
278 3847 302 3915 J
305 3869 361 3915 am
384 3869 467 3914 vero
492 3850 569 3933 quis
593 3869 744 3932 unquam
771 3856 886 3912 mente
910 3849 1087 3934 conjiciat,

139 3955 272 4034 quanta
288 3969 367 4014 cum
388 3949 568 4015 alacritate
586 3949 631 4013 ad
649 3948 714 4012 hoc
734 3948 970 4031 spectaculum
990 3948 1086 4011 undi-

139 4068 206 4133 que
231 4046 511 4126 concurrebatur,
539 4068 617 4131 quae
644 4048 852 4112 intuentium
880 4055 956 4111 erat
983 4047 1088 4112 devo·

139 4149 201 4226 tio,
219 4150 300 4231 quis
315 4148 533 4215 adorantium
553 4166 752 4228 concursus,
769 4154 909 4230 quantae
927 4167 990 4229 pro
1012 4156 1088 4212 tan-

187 4265 269 4315 von.
287 4263 342 4313 111.
924 4263 936 4308 r
