2858 4876
426 403 564 451 vacans
588 403 858 452 rnsnomnnnn.
1048 389 1113 454 383

164 560 322 624 wercfolc
336 560 453 638 situm,
471 562 583 626 dictus
608 581 670 625 rex
684 581 762 624 cum
782 561 1003 643 magnatibus
1019 563 1112 627 illius
1125 579 1179 620 ω.
1193 581 1248 619 ¹21⁶.
1263 613 1265 617 .

163 661 314 742 regionis
341 662 520 726 castellum
546 661 752 738 circumivit,
779 668 819 725 ut
845 662 977 725 videret
1011 663 1041 727 si
1067 683 1112 728 ex

164 759 281 843 aliqua
306 769 404 843 parte
427 769 518 826 esset
532 761 784 843 expugnabilis,
812 761 1012 826 balistarius
1037 765 1114 845 qui·

164 860 256 937 dam,
286 862 345 942 qni
374 862 410 925 in
436 869 551 925 castro
581 868 669 938 erat,
692 861 799 925 telum
822 862 995 938 emittens,
1023 863 1112 926 Eus-

163 960 314 1024 tachium
337 961 379 1024 de
397 960 503 1026 Vesci
519 962 630 1026 virum
654 960 802 1026 nobilem
822 968 858 1025 et
879 969 1053 1044 potentem
1076 964 1112 1026 in

163 1059 276 1124 fronte
305 1063 487 1142 percussit,
519 1061 590 1144 qui,
616 1062 756 1124 cerebro
782 1081 860 1125 cum
889 1062 1002 1144 capite
1035 1083 1113 1145 per·

164 1159 290 1238 foratu,
320 1160 414 1226 illico
438 1162 595 1245 spiritum
619 1160 824 1240 exhalavit;
855 1161 976 1226 habuit
996 1171 1112 1228 autem

164 1260 276 1323 dictus
296 1260 504 1326 Eustachius
520 1281 672 1326 sororem
689 1261 781 1343 regis
802 1261 928 1327 Scotiae
943 1282 1110 1344 uxorem3

165 1360 256 1424 unde
285 1360 374 1424 idem
405 1381 467 1425 rex
490 1381 568 1425 cum
590 1363 752 1426 universo
775 1362 942 1425 baronum
966 1363 1112 1444 collegio

165 1460 374 1525 exst‘terunt
388 1462 490 1524 nimis
507 1461 621 1524 animo
647 1461 870 1524 consternati.
923 1460 1004 1525 Rex
1026 1482 1112 1545 quo·

117 1571 120 1578 '
164 1579 243 1641 que,
257 1560 350 1625 facto
367 1561 541 1644 homagio,
557 1567 596 1624 ut
613 1560 814 1643 praedictum
832 1565 897 1637 est,
915 1561 959 1624 ad
975 1563 1115 1644 propria

164 1661 341 1726 remeavit.

316 1834 359 1899 Ut
366 1835 506 1920 proditio
521 1836 720 1900 Francorum
735 1836 848 1902 detecto
855 1835 972 1920 fuerit.

217 1960 373 2043 Contigit
389 1961 455 2024 bac
466 1968 672 2047 tempestate
683 1962 917 2028 vicecomitem
928 1963 970 2026 de
982 1960 1115 2037 Melon,
1128 1976 1251 2016 confession

167 2061 278 2125 virum
308 2062 458 2126 nobilem
488 2062 531 2126 de
561 2083 669 2144 regno
697 2063 922 2140 Francorum,
954 2061 1013 2145 qui
1037 2080 1114 2124 cum
1128 2027 1274 2116 lllvlllllll

168 2160 352 2226 Lodowico
369 2160 405 2223 in
418 2159 581 2244 Angliam
598 2169 751 2241 venerat,
765 2165 802 2227 in
820 2164 904 2227 urbe
919 2160 1115 2226 Londonia-
1128 2127 1242 2167 melum

167 2281 241 2324 rum
274 2260 428 2343 graviter
452 2262 644 2344 infirmari;
673 2263 744 2346 qui,
772 2283 851 2327 cum
880 2269 1023 2326 mortem
1049 2259 1115 2324 sibi

166 2361 342 2426 imminere
380 2368 616 2444 cognosceret,
653 2363 800 2427 adscivit
829 2362 873 2426 ad
907 2361 1116 2444 colloquium

167 2480 266 2525 sunm
282 2462 449 2545 quosdam
467 2463 614 2527 barones
631 2461 783 2546 Anglioe,
797 2462 909 2545 quiob
924 2459 1116 2526 custodiam

166 2562 319 2626 civitatis
349 2563 386 2626 in
410 2564 495 2626 urbe
520 2557 768 2639 remanserant,
795 2570 830 2626 et
855 2560 1032 2625 confessus
1063 2565 1117 2622 est

167 2660 386 2725 audientibus
411 2663 556 2739 cunctis,
582 2662 698 2725 dicens
723 2662 785 2738 eie,
808 2657 965 2737 ‘Doleo,'
990 2659 1117 2740 inquit,

166 2765 292 2843 ‘snper
318 2761 530 2825 desolatione
562 2767 598 2825 et
624 2762 847 2825 subversione
872 2766 1001 2836 vestra,
1023 2759 1116 2842 quod

167 2880 241 2938 voe,
272 2880 351 2944 quae
384 2862 482 2925 vobis
509 2861 688 2926 imminent
724 2862 890 2944 pericula,
917 2860 1114 2942 ignoratis3

116 2970 118 2974 ’
162 2959 297 3042 juravit
309 2979 458 3043 namque
475 2961 679 3026 Lodowicus
700 2969 735 3025 et
750 2962 898 3025 sedecim
916 2980 993 3024 cum
1017 2980 1057 3024 eo
1073 2960 1115 3023 de

167 3078 275 3139 regno
297 3058 507 3123 Francorum
534 3061 676 3124 comites
704 3069 739 3125 et
764 3062 923 3138 barones,
951 3061 1054 3142 quod,
1085 3059 1115 3124 si

169 3159 354 3240 contigerit
374 3177 453 3222 enm
472 3157 638 3250 Angliam
661 3159 848 3243 subjugare
869 3166 904 3224 et
920 3180 1034 3240 regem
1059 3180 1117 3224 co-

167 3259 295 3336 ronari,
317 3258 392 3340 ipse
409 3277 528 3322 omnes
543 3257 634 3335 illos,
658 3259 717 3340 qui
741 3279 832 3324 nnnc
855 3278 933 3323 cum
956 3260 1033 3341 ipso
1055 3260 1116 3322 mi-

167 3359 271 3424 litant
291 3365 326 3423 et
345 3377 461 3441 regem
477 3358 500 3422 J
504 3358 674 3426 ohannem
696 3367 963 3442 persequuntur,
979 3366 1019 3422 ut
1036 3378 1117 3441 pro·

168 3459 297 3525 ditores
323 3458 453 3524 domini
476 3460 530 3525 sni
552 3464 720 3543 perpetuo
746 3460 927 3523 damnaret
949 3458 1053 3523 exilio
1081 3467 1117 3524 et

169 3579 269 3622 omne
292 3578 402 3640 genus
424 3560 554 3625 deleret
575 3559 619 3623 de
643 3567 760 3640 terra;
792 3567 837 3634 et,
866 3580 911 3624 ne
934 3558 999 3623 hoc
1018 3560 1117 3625 vobis

113 3668 116 3675 '
168 3668 327 3723 vertatur
342 3659 379 3722 in
394 3660 548 3740 dubium,
565 3680 643 3744 ego,
666 3660 726 3743 qui
749 3660 805 3725 hic
829 3661 993 3724 continuo
1013 3660 1118 3723 mori-

168 3765 268 3824 turus
279 3760 393 3843 jaceo,
408 3759 444 3824 in
458 3760 611 3844 periculo
627 3761 752 3825 animae
767 3779 854 3824 meae
870 3760 969 3824 vobis
986 3758 1117 3823 affirmo

169 3879 223 3923 me
233 3881 340 3925 unum
350 3879 425 3923 esse
438 3881 483 3924 ex
500 3862 568 3925 illis
583 3862 643 3944 qui
657 3861 812 3925 boccum
825 3859 1009 3924 Lodowico
1019 3859 1118 3943 jura-

168 3967 304 4025 verunt.
358 3959 691 4042 Unde'summopere
706 3980 798 4024 nunc
819 3959 975 4034 consulo,
997 3966 1037 4022 ut
1051 3958 1119 4023 uti-

168 4060 260 4126 litati
275 4067 401 4127 vestrae
424 4059 635 4143 provideatis
651 4061 687 4124 in
710 4067 899 4144 posterum,
917 4065 951 4122 et
968 4077 1020 4137 ea,
1040 4079 1118 4141 quae

164 4159 238 4243 jam
249 4160 348 4227 vobis
358 4160 444 4239 dixi,
460 4161 524 4225 sub
537 4160 652 4243 sigillo
664 4162 787 4226 secreti
803 4159 950 4225 teneatis
961 4159 982 4240 3’
1005 4165 1051 4237 et,
1066 4158 1119 4222 bis
