2858 4876
425 429 563 477 enonas
588 428 858 476 maronmnuu.
1048 388 1130 479 385Ι

165 587 223 669 qui
241 607 358 651 casum
373 589 445 670 regi
464 589 649 652 nuntiaret.
697 589 775 652 Rex
793 596 999 652 tamencum
1016 608 1114 652 exer·
1126 607 1181 646 an.
1193 608 1248 646 nn.

164 689 235 750 citu
259 708 322 752 suo
342 689 403 753 vix
427 689 566 771 elapsus
589 696 690 752 nocte
712 689 870 771 sequenti
893 689 983 771 apud
1007 691 1112 753 ahba-

164 788 260 865 tiam,
276 808 353 870 quae
374 789 615 853 Suenesheved
634 789 770 865 dicitur,
788 789 1016 871 pernoctavit,
1040 791 1111 866 ubi,

165 895 204 951 ut
217 891 417 970 putabatur,
434 889 476 952 de
492 891 595 953 rebus
612 910 633 953 a
654 889 815 953 fluctibus
839 890 1014 953 devoratis
1034 897 1111 953 tan·

165 996 235 1051 tam
260 990 385 1052 mentis
408 991 552 1053 incurrit
576 989 764 1066 tristitiam,
788 990 879 1071 quod
900 990 1011 1053 acutis
1036 1009 1111 1053 cor-

164 1095 283 1170 reptus
305 1089 456 1153 febribus
479 1090 586 1172 coepit
608 1091 760 1170 graviter
788 1090 977 1168 infirmaii3
1012 1090 1112 1154 auxit

164 1195 280 1251 antem
297 1189 512 1271 aegritudinis
534 1191 727 1253 molestiam
749 1191 942 1272 perniciosa
963 1189 1038 1272 ejus
1058 1191 1111 1252 in·

165 1289 311 1368 gluvies
336 1290 395 1372 qui
420 1298 520 1354 nocte
544 1291 605 1354 illa
629 1291 671 1354 de
696 1290 809 1353 fructu
839 1290 1050 1371 persicorum
1077 1297 1112 1354 et

165 1390 245 1453 novi
266 1390 385 1453 ciceris
407 1391 587 1472 potatione
601 1391 702 1453 nimis
725 1390 875 1472 repletus
899 1389 1052 1452 febrilem
1075 1390 1111 1452 in

164 1507 201 1551 se
218 1489 365 1553 calorem
382 1492 476 1554 acuit
490 1491 623 1555 fortiter
640 1498 675 1554 et
684 1491 850 1554 accendit.
874 1489 1112 1552 Veruntamen

164 1607 297 1653 summo
313 1591 393 1654 inde
415 1591 578 1668 diluculo,
597 1591 677 1655 licet
696 1611 772 1654 cum
796 1591 913 1653 labore
937 1590 1111 1666 recedens,

166 1689 209 1751 ad
239 1690 418 1754 castellum
448 1690 490 1754 de
521 1690 643 1755 Lafort
674 1691 911 1773 hospitaturus
946 1691 1111 1771 perrexit,

166 1789 224 1852 uhi
255 1790 408 1853 maxima
439 1791 593 1872 corporis
625 1798 866 1873 praegravatus
895 1790 1053 1853 molestia
1075 1789 1110 1853 in

165 1891 316 1953 crastino
340 1891 401 1955 vix
429 1891 473 1954 ad
498 1891 677 1954 castellum
701 1891 744 1954 de
767 1891 913 1954 Newerc
937 1910 1026 1972 equo
1052 1910 1111 1953 ve·

165 1989 267 2053 hente
290 1992 470 2072 pervenit3
498 2010 567 2074 quo
589 1992 625 2055 in
640 1991 716 2055 loco
732 1991 964 2056 invalescente
980 1991 1112 2067 morbo,

164 2092 208 2154 ab
227 2083 369 2155 labbate
385 2092 427 2155 de
441 2087 636 2157 Crocstuna
647 2091 827 2155 consilium
838 2091 1063 2155 confessionis
1078 2098 1113 2154 et

165 2191 406 2254 eucharistiam
423 2193 586 2275 suscepit.
638 2192 774 2256 Deinde
791 2191 994 2267 Henricum,
1005 2190 1112 2253 filium

164 2310 261 2354 suum
287 2293 566 2374 primogenitum,
584 2293 683 2374 regni
706 2293 760 2355 sui
792 2292 963 2355 haeredem
986 2291 1113 2354 consti-

167 2392 243 2467 tuit,
267 2411 478 2474 regnumque
494 2391 633 2474 Angliae
658 2391 709 2455 illi
732 2391 853 2475 jurare
869 2392 970 2469 fecit3
994 2390 1112 2453 literas

165 2492 267 2553 etiam
293 2491 407 2572 sigillo
427 2512 491 2555 suo
518 2492 669 2555 munitas
691 2491 735 2553 ad
757 2510 876 2554 omnes
895 2490 1114 2555 vicecomites

165 2591 262 2670 regni
287 2597 321 2653 et
336 2591 544 2654 castellanos
562 2590 702 2665 direxit,
725 2589 928 2670 praecipiens
949 2595 989 2651 ut
1005 2589 1036 2651 ei
1061 2607 1113 2650 es-

165 2695 242 2751 sent
256 2689 384 2768 singuli
401 2689 628 2752 intendentes.
681 2688 739 2764 Et,
754 2687 808 2749 his
825 2687 875 2750 ita
890 2688 1009 2767 gestis,
1033 2687 1113 2750 scis-

165 2788 291 2850 citatus
315 2793 367 2849 est
387 2787 430 2850 ab
457 2788 628 2850 coabbas
653 2785 696 2849 de
717 2785 921 2864 Crocstuna,
947 2787 977 2850 si
1000 2787 1113 2869 ipsum

164 2888 251 2950 mori
272 2887 500 2969 contingeret,
525 2888 583 2951 ubi
601 2885 705 2951 vellet
727 2887 854 2969 eligere
876 2887 1111 2970 sepulturam3

163 2987 218 3049 cui
238 3006 300 3049 rex
321 2982 530 3068 iespondens
547 2986 755 3063 dixit,‘Deo
767 2994 802 3050 et
816 2994 937 3051 sancto
950 2985 1113 3051 Wlstano

166 3104 289 3168 corpus
305 3095 341 3150 et
358 3087 507 3150 animam
527 3105 639 3150 meam
660 3085 881 3150 commendo?
933 3085 1004 3164 Qui
1019 3094 1113 3169 post-

166 3205 207 3248 ea
228 3187 265 3248 in
287 3192 401 3263 nocte,
419 3207 497 3268 quae
512 3186 602 3250 diem
619 3179 749 3250 ²sancti
768 3186 872 3249 Lucae
889 3186 1113 3267 evangelistae

165 3285 321 3367 proxime
345 3292 466 3350 secuta
490 3293 555 3364 est,
581 3306 625 3349 ex
652 3285 716 3349 hac
743 3286 814 3350 vita
836 3286 1011 3366 migravit,
1035 3306 1113 3349 cum

165 3393 344 3467 regnasset
379 3386 567 3451 octodecim
603 3386 704 3450 annis
736 3394 771 3449 et
807 3385 974 3465 dimidio;
1012 3386 1113 3469 cujus

166 3506 291 3568 corpus
323 3488 418 3566 regio
448 3486 622 3551 schemate
650 3494 810 3551 ornatum
833 3486 877 3549 ad
896 3485 1114 3568 Wigorniam

200 3721 310 3772 ¹Abhote
321 3725 351 3772 de
364 3718 527 3791 Crocstuna]
549 3723 625 3771 Paris
652 3717 814 3771 ‘intestatus’
832 3737 864 3770 on
875 3721 917 3770 the
928 3721 1029 3771 festival
1044 3723 1073 3771 of
1086 3723 1112 3771 S.

165 3794 238 3856 adds,
252 3794 307 3842 that
320 3793 363 3842 the
378 3795 455 3842 abbot
470 3794 499 3843 of
514 3794 625 3842 Croxton
652 3792 726 3840 Luke
743 3791 814 3857 (leth
832 3788 914 3856 Oct),
930 3808 956 3854 p.
968 3796 1025 3840 112.
1061 3792 1113 3840 His

164 3879 219 3913 was
236 3863 313 3912 much
333 3863 426 3912 skilled
446 3863 473 3912 in
492 3863 625 3922 medicine,
649 3861 719 3910 short
729 3863 792 3924 will,
801 3863 927 3923 however,
944 3862 970 3909 in
984 3860 1068 3910 which
1080 3861 1112 3910 he

165 3935 215 3983 and
226 3947 281 3983 was
294 3939 320 3982 at
336 3933 391 3983 that
407 3935 467 3982 time
484 3935 526 3982 the
543 3928 626 3995 king’e
652 3946 711 3994 says
722 3932 777 3980 that
787 3932 819 3980 he
831 3933 854 3981 is
865 3931 954 3993 ‘gravi
970 3932 1112 3980 infirmitate

164 4004 306 4066 physician.
652 4007 796 4065 praeventus
807 4017 853 4051 nec
866 4001 991 4050 sufficiens
1002 4001 1036 4048 ad
1051 4004 1114 4050 tem-

652 4087 702 4135 pus
717 4073 867 4121 infirmitatis
882 4085 945 4118 meae
957 4086 1056 4120 currere
1068 4087 1114 4133 per

200 4139 305 4192 2δαποέἱ
327 4143 400 4192 Lucoe
422 4142 586 4204 euangelista.
614 4142 626 4205 ]
654 4138 772 4205 singula}
792 4144 814 4190 is
834 4141 932 4203 printed
956 4142 982 4188 in
1010 4141 1114 4202 Rymer,

165 4212 324 4276 Goggeshale
347 4227 407 4278 says
429 4213 485 4262 that
507 4213 539 4261 he
567 4212 627 4260 died
653 4214 671 4263 i.
683 4228 709 4274 p.
721 4216 777 4260 144.

214 4305 293 4353 von.
313 4305 367 4352 111.
904 4284 963 4346 ac
