2858 4876
341 391 407 456 222
599 406 734 454 noonru
759 406 807 453 nn
830 406 1041 456 wnnnovna.

182 583 236 624 en·
248 583 304 622 1²0⁸·
343 586 501 651 cumque,
519 566 593 631 sive
614 566 724 650 ipsius
747 567 852 650 papae
869 566 1025 643 clericos,
1050 565 1165 649 quiin
1187 585 1296 648 regno

342 666 482 749 Angliae
509 667 645 730 sivein
677 667 950 749 quibuscumque
976 667 1077 731 terris
1101 667 1173 731 suis
1200 687 1296 750 repe·

344 768 403 831 riri
425 765 634 849 potuissent,
649 768 757 831 erutis
782 766 891 832 oculis
908 767 1119 849 naribusque
1140 768 1297 850 praecisis

344 867 494 932 Romam
518 867 719 944 destinaret,
742 875 781 932 ut
800 867 867 932 hiis
894 868 1092 950 intersignis
1117 886 1140 931 a
1159 867 1296 930 caeteris

342 977 485 1050 possent
501 968 700 1031 nationibus
715 968 841 1031 ibidem
857 967 1028 1046 discerni;
1056 967 1141 1052 ipsis
1155 968 1297 1050 insuper

343 1067 514 1149 episcopis
525 1086 695 1150 ,expresse
715 1068 892 1150 praecepit,
914 1074 1086 1150 quatenus
1106 1086 1183 1131 cum
1201 1087 1296 1140 sum-

343 1185 401 1230 ma
422 1167 644 1232 festinatione
672 1185 693 1230 a
719 1186 783 1231 suo
811 1175 998 1250 conspectu
1027 1168 1237 1244 recederent,
1264 1169 1295 1231 si

343 1285 484 1331 suorum
497 1286 680 1349 corporum
692 1268 822 1332 vellent
836 1267 992 1332 scandali
1008 1267 1207 1332 discrimina
1221 1268 1295 1332 evi-

343 1375 430 1431 tare.
478 1367 700 1431 Recedentes
715 1374 831 1431 autem
843 1367 996 1450 episcopi
1007 1368 1199 1446 memorati,
1215 1387 1294 1432 cum

343 1466 493 1530 fructum
517 1467 731 1548 poenitentiae
754 1468 791 1531 in
814 1487 896 1549 rege
920 1488 991 1532 non
1012 1467 1231 1545 invenerunt,
1257 1468 1294 1531 in

344 1565 622 1648 Quadragesima
634 1568 804 1649 sequenti,
814 1569 1072 1633 exsecutionem
1083 1567 1149 1631 sibi
1164 1587 1187 1632 a
1201 1587 1295 1632 sum·

342 1686 399 1730 mo
424 1667 586 1749 pontifice
606 1667 849 1732 demandatam
871 1669 1015 1751 exsequi
1036 1688 1106 1731 non
1122 1675 1293 1747 verentes,

343 1767 454 1850 prima
479 1766 534 1830 die
556 1767 667 1833 Lunae
689 1767 726 1831 in
754 1768 915 1853 passione
935 1768 1090 1845 Domini,
1107 1787 1186 1850 qnae
1211 1776 1294 1832 tunc

344 1867 492 1949 contigit
509 1866 641 1948 decimo
656 1869 817 1932 calendas
833 1868 977 1950 Aprilis
992 1868 1056 1932 sub
1071 1868 1223 1950 generali
1241 1869 1295 1932 in-

344 1964 492 2031 terdicto
514 1974 624 2032 totam
641 1967 806 2048 Angliam
828 1967 1061 2048 incluserunt;
1086 1968 1189 2051 quod,
1204 1969 1295 2033 sicut

343 2067 380 2130 in
405 2067 604 2132 authentico
628 2067 758 2131 domini
785 2087 886 2152 papae
911 2086 1113 2152 expressum
1136 2066 1295 2146 habetur,

344 2186 415 2231 non
430 2168 648 2232 obstantibus
664 2167 867 2250 privilegiis,
883 2170 927 2232 ab
939 2169 1097 2232 omnibus
1114 2175 1167 2232 est
1182 2168 1295 2232 invio·

342 2267 494 2331 labiliter
505 2269 736 2333 observatum.
788 2268 1022 2334 Cessaverunt
1038 2268 1156 2351 itaque
1171 2268 1207 2331 in
1219 2266 1296 2332 An-

345 2367 418 2449 glia
439 2368 554 2431 omnia
575 2367 811 2433 ecclesiastica
833 2375 1063 2446 sacramenta,
1085 2374 1213 2450 praeter
1239 2387 1297 2432 so-

342 2467 519 2531 lummodo
538 2468 786 2533 confessionem
811 2476 847 2533 et
865 2469 1026 2536 viaticum
1042 2468 1078 2532 in
1094 2467 1218 2532 ultima
1234 2488 1296 2532 ne-

342 2568 518 2643 cessitate,
541 2576 575 2633 et
589 2569 763 2653 baptisma
776 2569 1022 2652 parvulorum
1046 2587 1192 2651 corpora
1208 2587 1296 2650 quo·

343 2686 411 2749 que
440 2667 677 2732 defunctorum
704 2669 747 2732 de
778 2670 978 2733 civitatibus
1005 2668 1152 2733 etvvillis
1176 2667 1296 2734 effere-

340 2768 471 2832 bantur
490 2775 526 2832 et
542 2787 637 2832 more
657 2787 782 2833 canum
801 2770 838 2832 in
863 2769 965 2834 biviis
988 2777 1023 2834 et
1040 2769 1181 2834 fossatis
1202 2763 1295 2834 ¹sinc

343 2867 557 2932 orationibus
577 2874 613 2932 et
628 2870 847 2934 sacerdotum
866 2869 1057 2933 ministerio
1082 2869 1297 2952 sepelieban-

344 2968 412 3032 tur.
449 2966 543 3047 Quid
569 2967 693 3051 plurat
731 2970 966 3035 Rocesserunt
984 2969 1133 3033 latenter
1154 2971 1198 3034 ab
1219 2970 1296 3035 An·

343 3068 417 3148 glia
442 3067 639 3132 Willelmus
670 3068 910 3148 Londinensis,
940 3068 1149 3133 Eustachius
1178 3069 1297 3134 Elien-

338 3165 405 3243 sis,
430 3166 608 3249 Malgerus
632 3169 898 3250 wigorniensis,
921 3168 1100 3235 Jocelinus
1128 3168 1296 3234 Bathoni·

339 3267 448 3343 ensis,
473 3273 508 3330 et
526 3267 671 3348 Egidius
694 3267 961 3334 Herefordensis
983 3269 1149 3352 episcopi,
1166 3263 1295 3334 ²satius

324 3366 553 3430 'arbitrantes
581 3368 755 3433 saevitiam
781 3370 942 3433 commoti
966 3369 1058 3451 regis
1085 3369 1129 3433 ad
1158 3377 1296 3453 tempus

342 3464 529 3544 declinare,
562 3487 667 3550 quam
692 3469 729 3532 in
757 3476 850 3534 terra
874 3468 1058 3533 interdicta
1082 3469 1157 3533 sine
1181 3470 1296 3535 fructu

343 3566 502 3630 residere.

341 3801 345 3805 -
389 3766 465 3818 'Sine
486 3773 710 3822 ...scandatum
725 3771 810 3822 minis·
836 3767 981 3822 Ducatl.³
1004 3771 1124 3834 Lingnrd,
1135 3771 1173 3823 iii.
1185 3775 1299 3835 2l,note.

336 3837 428 3908 ¹teria]
448 3840 581 3890 ‘Sermone
597 3856 664 3890 were
682 3842 807 3904 preacbed
871 3837 979 3891 'Satias
1004 3841 1152 3891 &libantes
1177 3842 1300 3893 ooeoiticm

342 3923 377 3958 on
397 3909 516 3970 Sundays
532 3912 559 3959 in
575 3911 618 3960 the
634 3910 809 3975 chnrcbyard3
835 3911 945 3960 commoti
963 3907 1062 3980 regu]
1079 3912 1215 3962 ‘Sanctius
1232 3915 1301 3963 arbi·

344 3979 482 4041 marriages
504 3981 555 4029 and
577 3980 731 4044 chnrchings
750 3983 808 4030 took
834 3987 931 4031 trantes
947 3982 1072 4031 santiam
1089 3984 1300 4034 excommunicati

344 4049 418 4109 place
428 4050 454 4098 in
465 4048 507 4099 the
520 4051 598 4111 porch
609 4051 639 4100 oi
646 4051 688 4100 the
697 4044 809 4114 church}
834 4052 903 4114 regis
910 4047 926 4114 ;’
946 4053 976 4102 G.
