2858 4876
433 422 571 471 enonas
595 421 862 470 ursroaruauu.
1074 405 1119 471 49

170 592 350 654 pomorum
364 578 490 656 insula,
505 587 559 645 est
576 586 733 645 vocatus.
784 576 889 643 Anno
905 578 1117 661 quoqnesub
1131 594 1253 636 Aut-11⁹1.

171 673 290 738 eodem
314 677 500 757 Robertus,
525 679 775 744 lincolniensis
798 678 952 741 ecclesiae
975 679 1117 740 canoni·

170 791 232 835 cns
246 782 282 838 et
292 776 459 842 Willelmi
475 779 698 843 Normanniae
712 777 894 841 senescalli
908 775 1012 852 filins
1025 775 1117 840 Can·

170 874 293 938 tuariae
306 887 527 942 consecratus
552 886 605 942 est
622 877 876 959 wigorniensis
898 874 1080 958 episcopus
1094 894 1116 940 a

168 969 344 1040 Willelmo
360 978 560 1059 apostolicae
576 977 667 1040 sedis
682 976 810 1058 legato.

235 1145 277 1211 Ut
291 1170 345 1213 rec
359 1150 539 1216 Rlclordac
553 1152 772 1216 cancellarium
784 1171 874 1215 sumn
887 1157 1056 1234 suspectum

583 1251 699 1316 dedali.

229 1362 331 1427 Circa
347 1365 420 1430 dies
438 1367 517 1431 illos
534 1366 774 1450 multiplicatae
791 1372 873 1430 sunt
890 1363 1114 1449 querimoniae
1127 1387 1235 1428 areuna

168 1463 382 1540 gravissimae
409 1486 524 1530 coram
550 1487 631 1548 rege
661 1466 704 1529 de
732 1465 893 1547 superbia
918 1463 1114 1528 cancellarii
1125 1437 1220 1536 ἷῖἷῗῖηῗ
1219 1449 1256 1528 die

136 1587 139 1591 ’
166 1566 202 1622 et
243 1561 286 1627 de
316 1564 452 1649 injuriis
482 1585 569 1649 quas
601 1565 719 1630 multis
751 1565 928 1646 irrogavit,
958 1537 1248 1645 ¹scripsit⁰¹¹⁸¹¹⁰⁰¹¹⁰²

168 1658 276 1740 igitur
302 1683 364 1727 rex
396 1665 616 1747 magnatibus
643 1663 782 1746 Angliae
812 1665 848 1728 in
881 1662 956 1727 haec
985 1664 1111 1741 verba3

170 1759 272 1823 ‘Rex
297 1760 437 1844 Angliae
462 1764 658 1829 Richardus
684 1764 860 1829 Willelmo
890 1762 1111 1840 Marescallo,

156 1857 215 1922 G.
232 1860 302 1926 filio
318 1861 425 1941 Petri,
448 1863 497 1928 Η.
516 1863 670 1941 Bardolf,
690 1870 726 1927 et
741 1862 800 1928 W.
816 1863 982 1937 Briwere,
1002 1880 1110 1944 appa-

168 1958 277 2036 ribus,
292 1962 451 2027 salutem.
497 1963 535 2027 Si
552 1963 640 2027 forte
660 1962 887 2027 cancellarius
906 1969 1034 2037 noster,
1055 1962 1110 2024 cui

166 2061 306 2140 negotia
317 2063 416 2142 regni
425 2062 534 2126 nostri
543 2061 696 2126 curanda
709 2062 954 2136 commisimus,
962 2060 1109 2123 fideliter

164 2175 232 2221 non
259 2162 475 2238 tractaverit,
501 2162 732 2243 praecipimus,
758 2168 798 2223 ut
821 2159 1009 2222 secundum
1035 2156 1114 2223 dis-.

165 2255 370 2336 positionem
398 2267 549 2322 vestram
575 2260 617 2322 de
644 2259 803 2322 omuibus
830 2256 973 2338 agendis
999 2258 1120 2338 regni,

165 2359 237 2415 tam
265 2355 308 2419 de
332 2356 501 2422 eschaetis
526 2377 629 2442 quam
648 2358 690 2420 de
707 2356 871 2432 castellis,
897 2355 1109 2437 disponatis?

165 2450 235 2516 Per
264 2455 354 2519 idem
392 2464 529 2540 tempus
557 2451 784 2531 ²Willelmus,
814 2452 1107 2535 Rothomagensis

166 2553 456 2639 archiepiscopus
477 2557 514 2619 in
533 2555 699 2638 Angliam
714 2555 854 2619 veniens
876 2553 995 2616 literas
1017 2554 1108 2633 regis

166 2652 247 2716 tulit
276 2655 345 2718 ista
372 2656 606 2734 continentes3
634 2653 866 2729 ‘Richardus,
895 2652 965 2715 Dei
994 2653 1109 2733 gratia

166 2770 228 2814 rex
243 2750 395 2834 Angliae,
408 2754 584 2819 Willelmo
601 2753 809 2818 Marescallo
825 2760 860 2815 et
878 2752 955 2814 aliis
970 2749 1108 2831 Angliae

166 2852 352 2933 apparibus
375 2853 534 2917 salutem.
586 2853 712 2916 Sciatis
733 2852 825 2934 quod
845 2869 908 2914 nos
932 2850 1110 2913 venerabi-

165 2949 233 3013 lem
257 2958 390 3033 patrem
418 2959 573 3015 nostrum
598 2951 822 3027 Willelmum,
851 2948 1110 3029 Rothomagen-

165 3068 238 3112 sem
255 3050 562 3133 archiepiscopum,
581 3050 768 3132 diligimus„
783 3068 885 3133 quem
900 3048 942 3110 de
956 3047 1109 3130 peregri·

167 3149 306 3213 natione
325 3169 390 3213 sua
411 3150 454 3214 de
474 3169 644 3213 consensu
666 3149 791 3212 summi
812 3147 984 3230 pontificis
1010 3165 1108 3210 revo-

166 3254 282 3311 catum
307 3256 449 3331 propter
479 3247 712 3312 defensionem
739 3253 774 3311 et
804 3245 984 3311 consilium
1011 3245 1109 3326 regni

167 3348 276 3410 nostri
309 3346 352 3411 ad
379 3367 443 3410 vos
474 3347 636 3411 duximus
666 3345 990 3423 transmittendum
1018 3344 1109 3406 unde

165 3445 263 3508 vobis
289 3446 493 3510 mandamus
519 3453 555 3510 et
575 3446 719 3509 firmiter
744 3444 962 3528 praecipimus
990 3450 1110 3525 quate-

165 3561 231 3604 nus
253 3545 289 3608 in
308 3545 533 3627 procurandis
550 3546 699 3627 negotiis
718 3543 845 3608 nostris
867 3541 943 3626 ejus
966 3541 1109 3606 consilio

166 3644 282 3706 omnia
303 3645 501 3727 operemini,
524 3645 679 3709 volentes
697 3650 733 3707 et
749 3643 990 3726 praecipientes
1005 3640 1110 3722 quod,

164 3742 328 3823 quamdiu
342 3745 379 3806 in
394 3743 671 3826 peregrinatione
688 3742 826 3818 erimus,
840 3742 914 3823 ipse
929 3759 1007 3803 cnm
1026 3757 1108 3803 con·

165 3840 243 3904 silio
260 3850 388 3921 vestro,
403 3851 438 3906 et
447 3861 510 3906 vos
525 3861 603 3905 cum
616 3861 692 3918 suo,
710 3841 825 3905 omnia
838 3838 1054 3921 disponatis!

202 3993 210 4023 ¹
220 3992 327 4057 Scriprit
338 3995 419 4056 igitur
429 3990 498 4064 rena]
515 3995 569 4043 The
581 4009 626 4043 au·
652 4008 718 4042 were
726 3992 800 4041 made
808 3991 892 4052 oiany
899 3990 1043 4039 immediate
1051 4003 1110 4048 use;

162 4061 295 4124 theuticity
305 4064 334 4112 oi
347 4065 388 4112 the
399 4064 529 4126 following
539 4064 626 4113 letters
652 4063 753 4122 Diceto,
763 4063 811 4111 col.
823 4065 880 4109 659.

165 4131 187 4179 is
197 4132 530 4194 somewhatqnestionable;
544 4135 564 4183 it
571 4148 624 4182 cer·
684 4129 867 4192 ²Willelmus.]
896 4130 969 4177 More
989 4126 1111 4186 correotly

164 4201 372 4263 tainlydoesnot
385 4218 481 4267 appear
496 4203 551 4253 that
564 4202 623 4263 they
649 4196 813 4261 ‘Walterus3'
831 4200 932 4248 Diceto.
1037 4261 1041 4266 ,
1111 4247 1115 4253 ,

219 4292 298 4342 VOL.
316 4293 369 4341 111.
940 4289 961 4333 E
