2858 4876
425 402 565 450 ruoaus
588 402 860 452 ursromanuu.
1048 391 1113 457 281

164 559 305 627 Nov'ent
327 560 465 639 dicitur,
486 563 620 626 incluso
636 564 672 626 in
693 583 734 627 eo
749 563 826 645 ipso
844 562 1013 629 Gaufrido
1035 585 1113 629 cum
1127 583 1249 624 nomn.

163 661 297 725 duobus
315 662 395 725 filiis
418 663 513 740 suis;
538 673 573 727 et
595 683 674 727 cum
691 664 767 747 jam
788 683 850 745 per
868 670 938 727 tres
961 664 1034 728 dies
1058 667 1114 729 usi

163 760 348 826 fuissemus
373 763 537 826 continua
565 765 791 845 petrariarum
818 770 1013 827 nostrarum
1038 786 1113 829 ver·

163 861 410 939 perationem
434 868 570 926 tantum
596 868 635 925 ut
654 863 847 927 immineret
867 864 965 927 nobis
987 884 1113 947 oppor-

163 960 295 1025 tunitas
312 960 482 1043 captionis
498 962 602 1047 castri
619 961 787 1043 praedicti,
803 962 899 1027 venit
916 962 959 1026 ad
977 984 1040 1028 nos
1058 984 1115 1028 co·

164 1058 237 1124 mes
262 1060 305 1124 de
324 1059 483 1125 Marchia
503 1060 653 1125 efficiens
673 1061 765 1144 quod
784 1061 898 1126 dictus
924 1061 1112 1127 Gaufridus

164 1179 202 1225 se
219 1159 369 1225 reddidit
388 1161 424 1224 iu
444 1160 711 1225 misericordiam
736 1170 901 1240 nostram,
925 1184 1003 1228 cum
1027 1163 1113 1229 duo·

164 1261 228 1323 bus
252 1259 332 1324 filiis
355 1260 427 1322 suis
450 1268 485 1324 et
509 1267 624 1324 castro
647 1281 711 1326 suo
734 1269 768 1325 ct
793 1263 952 1326 omnibus
975 1282 1053 1345 quae
1077 1265 1114 1326 in

164 1379 206 1424 eo
222 1367 333 1424 erant.
387 1359 444 1437 Et,
460 1359 542 1423 dum
556 1360 668 1425 adhuc
689 1363 737 1425 ibi
758 1360 896 1440 suimus,
917 1364 1114 1426 nuntiatum

165 1458 231 1524 fuit
255 1461 365 1537 nobis,
387 1459 479 1542 quod
500 1460 591 1524 filius
614 1463 706 1542 regis
730 1461 888 1527 Franciae
910 1463 1115 1528 Lodowicus

164 1559 339 1642 quoddam
374 1559 554 1624 castellum
586 1561 695 1642 ipsius
729 1560 891 1627 Gaufridi
920 1563 1114 1641 obsederat,

165 1658 259 1742 quod
291 1659 505 1724 Muneuntur
538 1659 684 1742 dicitur;
718 1662 843 1744 quibus
878 1663 1019 1741 auditis,
1051 1683 1115 1727 nos

165 1760 284 1825 statim
307 1779 428 1825 versus
451 1767 568 1841 partes
594 1760 673 1824 illas
697 1761 911 1839 divertimus,
936 1770 977 1827 ut
999 1764 1032 1827 ei
1056 1783 1114 1827 oc·

166 1875 393 1936 curreremus,
424 1859 475 1922 ita
506 1860 598 1942 quod
629 1861 664 1924 in
695 1860 750 1924 die
777 1868 907 1925 sanctae
932 1862 1115 1926 Trinitatis

160 1959 294 2023 fuimus
320 1959 412 2042 apud
436 1958 637 2037 Parthenai,
659 1961 718 2024 ubi
742 1980 855 2026 comes
880 1961 922 2025 de
944 1962 1114 2039 Marchia,

160 2077 281 2123 comes
297 2058 341 2123 de
355 2056 460 2140 Augi,
477 2059 522 2123 ad
541 2078 604 2122 nos
622 2068 789 2124 venerunt
804 2081 882 2124 cum
905 2062 998 2126 dicto
1016 2061 1114 2126 Gau-

165 2159 254 2224 frido
283 2159 326 2224 de
356 2158 520 2236 Lezinau,
547 2157 712 2224 facientes
737 2161 835 2224 nobis
859 2160 1057 2242 homagium
1079 2169 1115 2226 et

166 2259 379 2323 fidelitatem.
432 2259 479 2322 Et
494 2259 576 2340 quia
598 2260 694 2341 prius
717 2266 905 2324 tractatum
928 2269 1004 2325 erat
1025 2260 1115 2325 inter

167 2378 231 2424 nos
252 2365 288 2422 et
305 2359 465 2422 comitem
485 2357 652 2422 Marchiae
673 2358 715 2422 de
730 2359 936 2424 filia'nostra
949 2360 973 2425 J
976 2360 1115 2425 ohanna

158 2458 236 2523 -filio
264 2477 328 2523 suo
355 2457 470 2522 danda
497 2457 533 2520 in
566 2477 721 2536 uxorem,
747 2458 781 2521 id
810 2460 841 2522 ei
870 2460 1113 2537 concessimus

163 2557 245 2623 licet
260 2577 323 2621 rex
341 2558 554 2622 Francorum
567 2576 644 2621 eam
656 2558 700 2621 ad
718 2577 805 2640 opus
822 2558 883 2621 filii
900 2560 954 2622 sui
968 2566 1114 2642 peteret,

163 2657 226 2722 sed
253 2657 511 2736 fraudulenter3
541 2677 709 2721 memores
728 2659 823 2721 'enim
848 2658 975 2722 fuimus
1000 2660 1114 2740 neptis

164 2766 305 2834 nostrae,
341 2757 514 2821 Lodovico
544 2757 616 2821 filio
629 2823 631 2827 ,
644 2759 734 2838 regis
763 2758 920 2822 Franciae
947 2758 1050 2835 datae,
1079 2766 1115 2823 et

163 2854 335 2922 illius'rei
359 2859 523 2935 eventus3
553 2859 626 2921 sed·
643 2858 777 2921 utinam
804 2857 863 2921 det
890 2858 988 2922 nobis
1017 2858 1114 2921 Deus

165 2957 330 3042 majorem
353 2956 395 3020 de
417 2956 482 3022 hoc
506 2957 689 3037 maritagio
712 2964 931 3040 proventum,
949 2977 1053 3040 quam
1071 2957 1114 3021 de

163 3055 225 3120 illo
248 3057 376 3120 fuimus
398 3057 592 3121 consecuti!
647 3055 751 3120 Nunc
774 3064 889 3119 autem
906 3059 1021 3139 gratia
1046 3056 1114 3120 Dei

163 3156 247 3221 data
268 3163 322 3220 est
336 3156 435 3221 nobis
456 3156 711 3237 opportunitas
732 3163 771 3219 ut
794 3162 896 3220 extra
919 3156 1113 3220 Pictaviam

163 3256 408 3338 incapitalem
436 3256 611 3319 inimicum
637 3263 792 3319 nostrum
819 3275 935 3338 regem
960 3256 1113 3320 Franco·

164 3375 240 3419 rum
268 3356 499 3437 insurgamus.
551 3356 598 3420 Et
619 3354 694 3419 haee
717 3355 815 3420 vobis
837 3356 1050 3433 mandamus
1074 3363 1114 3420 ut

163 3455 206 3519 de
230 3456 445 3519 successibus
467 3456 595 3519 nostris
621 3454 824 3538 gaudeatis;
849 3461 939 3520 teste
962 3457 1113 3539 meipso

162 3555 255 3638 apud
273 3543 475 3632 Parthenai,
493 3574 583 3619 anno
601 3555 698 3636 regni
716 3556 825 3619 nostri
838 3554 970 3620 decimo
989 3556 1114 3620 sexto.'

164 3654 293 3719 Eodem
305 3661 460 3737 tempore
479 3655 565 3719 obiit
583 3653 773 3734 GilbertuS,
792 3655 966 3722 Roffensis
981 3656 1113 3738 episco-

162 3774 240 3837 pus,
256 3761 381 3821 octavo
397 3754 565 3819 kalendas
580 3754 603 3819 J
607 3755 676 3818 ulii.

183 3930 328 4015 Epicteto
344 3931 520 3995 Innocentii
528 3953 624 4015 pepe
633 3953 696 4014 pro
712 3932 902 3997 relocatione
918 3933 1087 3996 interdicti.

232 4054 335 4118 Circa
368 4053 441 4118 dies
470 4056 558 4118 istos
583 4072 675 4136 papa
698 4056 924 4120 Innocentius
954 4056 1255 4134 Nicolao,puu031ne

162 4149 443 4220 Thuseulanensi
478 4156 651 4237 episcopo,
685 4176 746 4238 pro
774 4156 986 4220 relaxatione
1011 4123 1232 4220 inter.¹¹¹¹⁰“¹¹⁰¹'
