<?xml version="1.0" encoding="UTF-8"?>
<!DOCTYPE html PUBLIC "-//W3C//DTD XHTML 1.0 Transitional//EN"
    "http://www.w3.org/TR/xhtml1/DTD/xhtml1-transitional.dtd">
<html xmlns="http://www.w3.org/1999/xhtml" xml:lang="en" lang="en">
 <head>
  <title>
</title>
<meta http-equiv="Content-Type" content="text/html;charset=utf-8" />
  <meta name='ocr-system' content='tesseract 3.04.00' />
  <meta name='ocr-capabilities' content='ocr_page ocr_carea ocr_par ocr_line ocrx_word'/>
</head>
<body>
  <div class='ocr_page' id='page_1' title='image "./rogeridewendove06rogegoog_0336.png"; bbox 0 0 2858 4876; ppageno 0'>
   <div class='ocr_carea' id='block_1_1' title="bbox 426 391 1114 457">
    <p class='ocr_par' dir='ltr' id='par_1_1' title="bbox 426 391 1114 457">
     <span class='ocr_line' id='line_1_1' title="bbox 426 391 1114 457; baseline 0.013 -10"><span class='ocrx_word' id='word_1_1' title='bbox 426 401 565 449; x_wconf 75' lang='lat' dir='ltr'>anonas</span> <span class='ocrx_word' id='word_1_2' title='bbox 588 402 856 451; x_wconf 77' lang='lat' dir='ltr'>maronianum.</span> <span class='ocrx_word' id='word_1_3' title='bbox 1049 391 1114 457; x_wconf 65' lang='lat'>327</span> 
     </span>
    </p>
   </div>
   <div class='ocr_carea' id='block_1_2' title="bbox 162 555 1262 2732">
    <p class='ocr_par' dir='ltr' id='par_1_2' title="bbox 164 555 1262 1437">
     <span class='ocr_line' id='line_1_2' title="bbox 165 555 1249 640; baseline 0.004 -22"><span class='ocrx_word' id='word_1_4' title='bbox 165 555 379 638; x_wconf 90' lang='lat' dir='ltr'>prophetam,</span> <span class='ocrx_word' id='word_1_5' title='bbox 390 557 571 620; x_wconf 89' lang='lat' dir='ltr'>‘Dissolve</span> <span class='ocrx_word' id='word_1_6' title='bbox 586 556 824 638; x_wconf 85' lang='lat' dir='ltr'>colligationes</span> <span class='ocrx_word' id='word_1_7' title='bbox 835 557 1034 640; x_wconf 88' lang='lat' dir='ltr'>impietatis,</span> <span class='ocrx_word' id='word_1_8' title='bbox 1045 562 1114 625; x_wconf 93' lang='lat' dir='ltr'>sol·</span> <span class='ocrx_word' id='word_1_9' title='bbox 1125 581 1181 621; x_wconf 71' lang='lat' dir='ltr'>an.</span> <span class='ocrx_word' id='word_1_10' title='bbox 1195 583 1249 622; x_wconf 77' lang='lat'><strong>1215.</strong></span> 
     </span>
     <span class='ocr_line' id='line_1_3' title="bbox 165 633 1207 741; baseline 0 -21"><span class='ocrx_word' id='word_1_11' title='bbox 165 675 208 720; x_wconf 90' lang='lat' dir='ltr'>ve</span> <span class='ocrx_word' id='word_1_12' title='bbox 237 657 420 720; x_wconf 84' lang='lat' dir='ltr'>fasciculos</span> <span class='ocrx_word' id='word_1_13' title='bbox 448 656 701 738; x_wconf 89' lang='lat' dir='ltr'>deprimentes,&#39;</span> <span class='ocrx_word' id='word_1_14' title='bbox 730 676 793 719; x_wconf 89' lang='lat' dir='ltr'>nos</span> <span class='ocrx_word' id='word_1_15' title='bbox 822 664 929 720; x_wconf 84' lang='lat' dir='ltr'>tantae</span> <span class='ocrx_word' id='word_1_16' title='bbox 954 660 1113 741; x_wconf 82' lang='lat' dir='ltr'>maligni·</span> <span class='ocrx_word' id='word_1_17' title='bbox 1126 633 1207 721; x_wconf 50' lang='lat' dir='ltr'>griffi</span> 
     </span>
     <span class='ocr_line' id='line_1_4' title="bbox 165 731 1262 841; baseline 0.002 -23"><span class='ocrx_word' id='word_1_18' title='bbox 165 756 248 819; x_wconf 89' lang='lat' dir='ltr'>tatis</span> <span class='ocrx_word' id='word_1_19' title='bbox 274 757 454 820; x_wconf 79' lang='lat' dir='ltr'>audaciam</span> <span class='ocrx_word' id='word_1_20' title='bbox 477 756 693 820; x_wconf 90' lang='lat' dir='ltr'>dissimulare</span> <span class='ocrx_word' id='word_1_21' title='bbox 717 756 886 834; x_wconf 88' lang='lat' dir='ltr'>nolentes,</span> <span class='ocrx_word' id='word_1_22' title='bbox 914 758 950 820; x_wconf 91' lang='lat' dir='ltr'>iu</span> <span class='ocrx_word' id='word_1_23' title='bbox 975 731 1262 841; x_wconf 59' lang='lat' dir='ltr'>aposto-lllllsslf&#39;l</span> 
     </span>
     <span class='ocr_line' id='line_1_5' title="bbox 164 854 1113 940; baseline 0.005 -22"><span class='ocrx_word' id='word_1_24' title='bbox 164 855 239 920; x_wconf 87' lang='lat' dir='ltr'>lioae</span> <span class='ocrx_word' id='word_1_25' title='bbox 256 856 348 919; x_wconf 89' lang='lat' dir='ltr'>sedis</span> <span class='ocrx_word' id='word_1_26' title='bbox 364 862 610 938; x_wconf 89' lang='lat' dir='ltr'>contemptum,</span> <span class='ocrx_word' id='word_1_27' title='bbox 633 854 761 938; x_wconf 82' lang='lat' dir='ltr'>regalis</span> <span class='ocrx_word' id='word_1_28' title='bbox 773 855 864 938; x_wconf 91' lang='lat' dir='ltr'>juris</span> <span class='ocrx_word' id='word_1_29' title='bbox 885 856 1113 940; x_wconf 86' lang='lat' dir='ltr'>dispendium,</span> 
     </span>
     <span class='ocr_line' id='line_1_6' title="bbox 165 954 1114 1040; baseline 0.005 -22"><span class='ocrx_word' id='word_1_30' title='bbox 165 954 370 1037; x_wconf 84' lang='lat' dir='ltr'>Anglicanae</span> <span class='ocrx_word' id='word_1_31' title='bbox 393 957 507 1037; x_wconf 85' lang='lat' dir='ltr'>gentis</span> <span class='ocrx_word' id='word_1_32' title='bbox 536 956 766 1038; x_wconf 90' lang='lat' dir='ltr'>opprobrium,</span> <span class='ocrx_word' id='word_1_33' title='bbox 794 964 829 1020; x_wconf 89' lang='lat' dir='ltr'>et</span> <span class='ocrx_word' id='word_1_34' title='bbox 849 976 956 1038; x_wconf 81' lang='lat' dir='ltr'>grave</span> <span class='ocrx_word' id='word_1_35' title='bbox 980 959 1114 1040; x_wconf 90' lang='lat' dir='ltr'>pericu-</span> 
     </span>
     <span class='ocr_line' id='line_1_7' title="bbox 165 1054 1112 1138; baseline 0.005 -21"><span class='ocrx_word' id='word_1_36' title='bbox 165 1055 235 1118; x_wconf 90' lang='lat' dir='ltr'>lum</span> <span class='ocrx_word' id='word_1_37' title='bbox 257 1056 363 1119; x_wconf 90' lang='lat' dir='ltr'>totius</span> <span class='ocrx_word' id='word_1_38' title='bbox 385 1056 516 1137; x_wconf 84' lang='lat' dir='ltr'>negotii</span> <span class='ocrx_word' id='word_1_39' title='bbox 539 1054 717 1131; x_wconf 84' lang='lat' dir='ltr'>Crucifixi,</span> <span class='ocrx_word' id='word_1_40' title='bbox 740 1056 832 1137; x_wconf 93' lang='lat' dir='ltr'>quod</span> <span class='ocrx_word' id='word_1_41' title='bbox 857 1056 977 1138; x_wconf 89' lang='lat' dir='ltr'>utique</span> <span class='ocrx_word' id='word_1_42' title='bbox 1000 1059 1112 1122; x_wconf 90' lang='lat' dir='ltr'>immi-</span> 
     </span>
     <span class='ocr_line' id='line_1_8' title="bbox 165 1156 1113 1237; baseline 0.005 -20"><span class='ocrx_word' id='word_1_43' title='bbox 165 1162 262 1219; x_wconf 84' lang='lat' dir='ltr'><strong>neret</strong></span> <span class='ocrx_word' id='word_1_44' title='bbox 277 1156 344 1219; x_wconf 90' lang='lat' dir='ltr'>nisi</span> <span class='ocrx_word' id='word_1_45' title='bbox 362 1175 424 1237; x_wconf 92' lang='lat' dir='ltr'>per</span> <span class='ocrx_word' id='word_1_46' title='bbox 444 1156 686 1219; x_wconf 87' lang='lat' dir='ltr'>auctoritatem</span> <span class='ocrx_word' id='word_1_47' title='bbox 699 1162 852 1218; x_wconf 90' lang='lat' dir='ltr'>nostram</span> <span class='ocrx_word' id='word_1_48' title='bbox 869 1166 1113 1222; x_wconf 84' lang='lat' dir='ltr'>revocarentur</span> 
     </span>
     <span class='ocr_line' id='line_1_9' title="bbox 165 1254 1112 1337; baseline 0.002 -18"><span class='ocrx_word' id='word_1_49' title='bbox 165 1255 293 1335; x_wconf 87' lang='lat' dir='ltr'>omnia,</span> <span class='ocrx_word' id='word_1_50' title='bbox 309 1275 387 1337; x_wconf 84' lang='lat' dir='ltr'>quae</span> <span class='ocrx_word' id='word_1_51' title='bbox 405 1275 427 1318; x_wconf 90' lang='lat' dir='ltr'>a</span> <span class='ocrx_word' id='word_1_52' title='bbox 441 1262 540 1318; x_wconf 87' lang='lat' dir='ltr'>tanto</span> <span class='ocrx_word' id='word_1_53' title='bbox 554 1255 707 1336; x_wconf 91' lang='lat' dir='ltr'>principe</span> <span class='ocrx_word' id='word_1_54' title='bbox 724 1274 826 1317; x_wconf 86' lang='lat' dir='ltr'>cruce</span> <span class='ocrx_word' id='word_1_55' title='bbox 842 1254 981 1337; x_wconf 86' lang='lat' dir='ltr'>signato</span> <span class='ocrx_word' id='word_1_56' title='bbox 997 1258 1112 1321; x_wconf 87' lang='lat' dir='ltr'>taliter</span> 
     </span>
     <span class='ocr_line' id='line_1_10' title="bbox 164 1354 1112 1437; baseline 0.002 -19"><span class='ocrx_word' id='word_1_57' title='bbox 164 1361 247 1418; x_wconf 90' lang='lat' dir='ltr'>sunt</span> <span class='ocrx_word' id='word_1_58' title='bbox 263 1362 413 1431; x_wconf 87' lang='lat' dir='ltr'>extorta,</span> <span class='ocrx_word' id='word_1_59' title='bbox 429 1362 464 1418; x_wconf 91' lang='lat' dir='ltr'>et</span> <span class='ocrx_word' id='word_1_60' title='bbox 480 1355 556 1436; x_wconf 94' lang='lat' dir='ltr'>ipso</span> <span class='ocrx_word' id='word_1_61' title='bbox 570 1354 708 1418; x_wconf 90' lang='lat' dir='ltr'>volente</span> <span class='ocrx_word' id='word_1_62' title='bbox 724 1373 767 1417; x_wconf 91' lang='lat' dir='ltr'>ea</span> <span class='ocrx_word' id='word_1_63' title='bbox 779 1373 929 1432; x_wconf 88' lang='lat' dir='ltr'>servare,</span> <span class='ocrx_word' id='word_1_64' title='bbox 947 1375 991 1418; x_wconf 87' lang='lat' dir='ltr'>ex</span> <span class='ocrx_word' id='word_1_65' title='bbox 1013 1365 1112 1437; x_wconf 91' lang='lat' dir='ltr'>parte</span> 
     </span>
    </p>

    <p class='ocr_par' dir='ltr' id='par_1_3' title="bbox 164 1453 1112 1637">
     <span class='ocr_line' id='line_1_11' title="bbox 164 1453 1111 1536; baseline 0.001 -18"><span class='ocrx_word' id='word_1_66' title='bbox 164 1454 232 1518; x_wconf 90' lang='lat' dir='ltr'>Dei</span> <span class='ocrx_word' id='word_1_67' title='bbox 247 1455 491 1536; x_wconf 90' lang='lat' dir='ltr'>omnipotentis</span> <span class='ocrx_word' id='word_1_68' title='bbox 505 1453 622 1516; x_wconf 88' lang='lat' dir='ltr'>Patris</span> <span class='ocrx_word' id='word_1_69' title='bbox 634 1461 669 1517; x_wconf 91' lang='lat' dir='ltr'>et</span> <span class='ocrx_word' id='word_1_70' title='bbox 681 1454 762 1517; x_wconf 88' lang='lat' dir='ltr'>Filii</span> <span class='ocrx_word' id='word_1_71' title='bbox 777 1461 812 1517; x_wconf 92' lang='lat' dir='ltr'>et</span> <span class='ocrx_word' id='word_1_72' title='bbox 823 1454 971 1536; x_wconf 85' lang='lat' dir='ltr'>Spiritus</span> <span class='ocrx_word' id='word_1_73' title='bbox 981 1455 1111 1533; x_wconf 85' lang='lat' dir='ltr'>Sancti,</span> 
     </span>
     <span class='ocr_line' id='line_1_12' title="bbox 164 1553 1112 1637; baseline 0.004 -21"><span class='ocrx_word' id='word_1_74' title='bbox 164 1555 372 1618; x_wconf 88' lang='lat' dir='ltr'>auctoritate</span> <span class='ocrx_word' id='word_1_75' title='bbox 383 1574 521 1637; x_wconf 89' lang='lat' dir='ltr'>quoque</span> <span class='ocrx_word' id='word_1_76' title='bbox 533 1554 768 1634; x_wconf 90' lang='lat' dir='ltr'>apostolorum</span> <span class='ocrx_word' id='word_1_77' title='bbox 777 1553 956 1637; x_wconf 78' lang='lat' dir='ltr'>ejusPetri</span> <span class='ocrx_word' id='word_1_78' title='bbox 965 1565 999 1619; x_wconf 92' lang='lat' dir='ltr'>et</span> <span class='ocrx_word' id='word_1_79' title='bbox 1009 1554 1112 1621; x_wconf 88' lang='lat' dir='ltr'>Pauli</span> 
     </span>
    </p>

    <p class='ocr_par' dir='ltr' id='par_1_4' title="bbox 163 1653 1113 1837">
     <span class='ocr_line' id='line_1_13' title="bbox 163 1653 1113 1730; baseline 0.001 -13"><span class='ocrx_word' id='word_1_80' title='bbox 163 1673 204 1717; x_wconf 88' lang='lat' dir='ltr'>ac</span> <span class='ocrx_word' id='word_1_81' title='bbox 228 1662 360 1730; x_wconf 90' lang='lat' dir='ltr'>nostra,</span> <span class='ocrx_word' id='word_1_82' title='bbox 383 1654 425 1718; x_wconf 96' lang='lat' dir='ltr'>de</span> <span class='ocrx_word' id='word_1_83' title='bbox 447 1653 620 1717; x_wconf 87' lang='lat' dir='ltr'>communi</span> <span class='ocrx_word' id='word_1_84' title='bbox 647 1653 792 1717; x_wconf 87' lang='lat' dir='ltr'>fratrum</span> <span class='ocrx_word' id='word_1_85' title='bbox 813 1662 1008 1718; x_wconf 90' lang='lat' dir='ltr'>nostrorum</span> <span class='ocrx_word' id='word_1_86' title='bbox 1031 1674 1113 1718; x_wconf 87' lang='lat' dir='ltr'>con-</span> 
     </span>
     <span class='ocr_line' id='line_1_14' title="bbox 165 1752 1112 1837; baseline 0.001 -21"><span class='ocrx_word' id='word_1_87' title='bbox 165 1753 241 1817; x_wconf 92' lang='lat' dir='ltr'>silio</span> <span class='ocrx_word' id='word_1_88' title='bbox 258 1754 540 1837; x_wconf 86' lang='lat' dir='ltr'>compositionem</span> <span class='ocrx_word' id='word_1_89' title='bbox 565 1752 762 1836; x_wconf 91' lang='lat' dir='ltr'>hujusmodi</span> <span class='ocrx_word' id='word_1_90' title='bbox 778 1755 1001 1834; x_wconf 89' lang='lat' dir='ltr'>reprobamus</span> <span class='ocrx_word' id='word_1_91' title='bbox 1019 1757 1112 1837; x_wconf 88' lang='lat' dir='ltr'>peni-</span> 
     </span>
    </p>

    <p class='ocr_par' dir='ltr' id='par_1_5' title="bbox 163 1852 1113 2334">
     <span class='ocr_line' id='line_1_15' title="bbox 164 1852 1112 1930; baseline 0 -13"><span class='ocrx_word' id='word_1_92' title='bbox 164 1860 220 1917; x_wconf 89' lang='lat' dir='ltr'>tus</span> <span class='ocrx_word' id='word_1_93' title='bbox 251 1861 286 1917; x_wconf 91' lang='lat' dir='ltr'>et</span> <span class='ocrx_word' id='word_1_94' title='bbox 312 1853 527 1930; x_wconf 88' lang='lat' dir='ltr'>damnamus,</span> <span class='ocrx_word' id='word_1_95' title='bbox 553 1855 616 1915; x_wconf 89' lang='lat' dir='ltr'>sub</span> <span class='ocrx_word' id='word_1_96' title='bbox 638 1853 854 1916; x_wconf 88' lang='lat' dir='ltr'>intimatione</span> <span class='ocrx_word' id='word_1_97' title='bbox 883 1852 1112 1917; x_wconf 87' lang='lat' dir='ltr'>anathematis</span> 
     </span>
     <span class='ocr_line' id='line_1_16' title="bbox 163 1953 1113 2035; baseline 0 -19"><span class='ocrx_word' id='word_1_98' title='bbox 163 1953 394 2035; x_wconf 88' lang='lat' dir='ltr'>prohibentes,</span> <span class='ocrx_word' id='word_1_99' title='bbox 420 1953 600 2017; x_wconf 88' lang='lat' dir='ltr'>nedictus</span> <span class='ocrx_word' id='word_1_100' title='bbox 625 1972 785 2016; x_wconf 86' lang='lat' dir='ltr'>rexeam</span> <span class='ocrx_word' id='word_1_101' title='bbox 814 1953 997 2016; x_wconf 90' lang='lat' dir='ltr'>observare</span> <span class='ocrx_word' id='word_1_102' title='bbox 1025 1973 1113 2034; x_wconf 87' lang='lat' dir='ltr'>prae-</span> 
     </span>
     <span class='ocr_line' id='line_1_17' title="bbox 164 2052 1111 2133; baseline 0 -18"><span class='ocrx_word' id='word_1_103' title='bbox 164 2062 290 2131; x_wconf 88' lang='lat' dir='ltr'>sumat,</span> <span class='ocrx_word' id='word_1_104' title='bbox 313 2063 375 2118; x_wconf 89' lang='lat' dir='ltr'>aut</span> <span class='ocrx_word' id='word_1_105' title='bbox 394 2056 539 2118; x_wconf 89' lang='lat' dir='ltr'>barones</span> <span class='ocrx_word' id='word_1_106' title='bbox 558 2073 635 2117; x_wconf 91' lang='lat' dir='ltr'>cum</span> <span class='ocrx_word' id='word_1_107' title='bbox 659 2052 882 2133; x_wconf 89' lang='lat' dir='ltr'>complicibus</span> <span class='ocrx_word' id='word_1_108' title='bbox 904 2052 975 2114; x_wconf 91' lang='lat' dir='ltr'>suis</span> <span class='ocrx_word' id='word_1_109' title='bbox 1001 2052 1111 2133; x_wconf 87' lang='lat' dir='ltr'>ipsam</span> 
     </span>
     <span class='ocr_line' id='line_1_18' title="bbox 164 2151 1111 2235; baseline -0.001 -19"><span class='ocrx_word' id='word_1_110' title='bbox 164 2154 308 2235; x_wconf 79' lang='lat' dir='ltr'>exigant</span> <span class='ocrx_word' id='word_1_111' title='bbox 335 2155 524 2230; x_wconf 88' lang='lat' dir='ltr'>observari,</span> <span class='ocrx_word' id='word_1_112' title='bbox 555 2160 626 2216; x_wconf 89' lang='lat' dir='ltr'>tam</span> <span class='ocrx_word' id='word_1_113' title='bbox 652 2152 820 2225; x_wconf 89' lang='lat' dir='ltr'>chartam,</span> <span class='ocrx_word' id='word_1_114' title='bbox 849 2170 953 2233; x_wconf 88' lang='lat' dir='ltr'>quam</span> <span class='ocrx_word' id='word_1_115' title='bbox 978 2151 1111 2233; x_wconf 85' lang='lat' dir='ltr'>obliga·</span> 
     </span>
     <span class='ocr_line' id='line_1_19' title="bbox 163 2250 1110 2334; baseline -0.003 -18"><span class='ocrx_word' id='word_1_116' title='bbox 163 2253 274 2317; x_wconf 89' lang='lat' dir='ltr'>tiones</span> <span class='ocrx_word' id='word_1_117' title='bbox 292 2273 351 2316; x_wconf 89' lang='lat' dir='ltr'>seu</span> <span class='ocrx_word' id='word_1_118' title='bbox 370 2253 561 2330; x_wconf 78' lang='lat' dir='ltr'>cautioneS,</span> <span class='ocrx_word' id='word_1_119' title='bbox 579 2271 805 2334; x_wconf 84' lang='lat' dir='ltr'>quaecumque</span> <span class='ocrx_word' id='word_1_120' title='bbox 821 2270 883 2333; x_wconf 91' lang='lat' dir='ltr'>pro</span> <span class='ocrx_word' id='word_1_121' title='bbox 902 2251 978 2331; x_wconf 90' lang='lat' dir='ltr'>ipsa</span> <span class='ocrx_word' id='word_1_122' title='bbox 995 2251 1050 2315; x_wconf 92' lang='lat' dir='ltr'>vel</span> <span class='ocrx_word' id='word_1_123' title='bbox 1068 2250 1110 2314; x_wconf 91' lang='lat' dir='ltr'>de</span> 
     </span>
    </p>

    <p class='ocr_par' dir='ltr' id='par_1_6' title="bbox 162 2351 1110 2434">
     <span class='ocr_line' id='line_1_20' title="bbox 162 2351 1110 2434; baseline -0.001 -19"><span class='ocrx_word' id='word_1_124' title='bbox 162 2352 239 2434; x_wconf 87' lang='lat' dir='ltr'>ipsa</span> <span class='ocrx_word' id='word_1_125' title='bbox 261 2361 343 2417; x_wconf 90' lang='lat' dir='ltr'>sunt</span> <span class='ocrx_word' id='word_1_126' title='bbox 364 2353 477 2430; x_wconf 85' lang='lat' dir='ltr'>factae,</span> <span class='ocrx_word' id='word_1_127' title='bbox 499 2353 676 2416; x_wconf 88' lang='lat' dir='ltr'>irritantes</span> <span class='ocrx_word' id='word_1_128' title='bbox 702 2351 838 2434; x_wconf 90' lang='lat' dir='ltr'>penitus</span> <span class='ocrx_word' id='word_1_129' title='bbox 861 2356 897 2413; x_wconf 89' lang='lat' dir='ltr'>et</span> <span class='ocrx_word' id='word_1_130' title='bbox 921 2357 1110 2428; x_wconf 87' lang='lat' dir='ltr'>cassantes,</span> 
     </span>
    </p>

    <p class='ocr_par' dir='ltr' id='par_1_7' title="bbox 162 2449 1113 2732">
     <span class='ocr_line' id='line_1_21' title="bbox 163 2449 1113 2536; baseline -0.002 -21"><span class='ocrx_word' id='word_1_131' title='bbox 163 2460 203 2516; x_wconf 92' lang='lat' dir='ltr'>ut</span> <span class='ocrx_word' id='word_1_132' title='bbox 220 2452 315 2516; x_wconf 91' lang='lat' dir='ltr'>nullo</span> <span class='ocrx_word' id='word_1_133' title='bbox 333 2472 486 2536; x_wconf 88' lang='lat' dir='ltr'>unquam</span> <span class='ocrx_word' id='word_1_134' title='bbox 505 2459 658 2534; x_wconf 92' lang='lat' dir='ltr'>tempore</span> <span class='ocrx_word' id='word_1_135' title='bbox 674 2452 826 2534; x_wconf 91' lang='lat' dir='ltr'>aliquam</span> <span class='ocrx_word' id='word_1_136' title='bbox 843 2449 995 2514; x_wconf 88' lang='lat' dir='ltr'>habeant</span> <span class='ocrx_word' id='word_1_137' title='bbox 1008 2450 1113 2513; x_wconf 88' lang='lat' dir='ltr'>firmi-</span> 
     </span>
     <span class='ocr_line' id='line_1_22' title="bbox 162 2550 1112 2635; baseline -0.002 -20"><span class='ocrx_word' id='word_1_138' title='bbox 162 2559 280 2616; x_wconf 87' lang='lat' dir='ltr'>tatem.</span> <span class='ocrx_word' id='word_1_139' title='bbox 326 2553 426 2616; x_wconf 91' lang='lat' dir='ltr'>Nulli</span> <span class='ocrx_word' id='word_1_140' title='bbox 440 2572 535 2635; x_wconf 81' lang='lat' dir='ltr'>ergo,</span> <span class='ocrx_word' id='word_1_141' title='bbox 551 2561 587 2616; x_wconf 88' lang='lat' dir='ltr'>et</span> <span class='ocrx_word' id='word_1_142' title='bbox 600 2558 736 2616; x_wconf 86' lang='lat' dir='ltr'>caetera.</span> <span class='ocrx_word' id='word_1_143' title='bbox 788 2550 826 2613; x_wconf 90' lang='lat' dir='ltr'>Si</span> <span class='ocrx_word' id='word_1_144' title='bbox 841 2550 917 2631; x_wconf 89' lang='lat' dir='ltr'>quis</span> <span class='ocrx_word' id='word_1_145' title='bbox 932 2556 1059 2625; x_wconf 88' lang='lat' dir='ltr'>autem,</span> <span class='ocrx_word' id='word_1_146' title='bbox 1076 2557 1112 2613; x_wconf 90' lang='lat' dir='ltr'>et</span> 
     </span>
     <span class='ocr_line' id='line_1_23' title="bbox 165 2648 1110 2732; baseline -0.005 -17"><span class='ocrx_word' id='word_1_147' title='bbox 165 2658 301 2717; x_wconf 85' lang='lat' dir='ltr'>caetera.</span> <span class='ocrx_word' id='word_1_148' title='bbox 364 2654 497 2716; x_wconf 89' lang='lat' dir='ltr'>Datum</span> <span class='ocrx_word' id='word_1_149' title='bbox 518 2652 690 2732; x_wconf 82' lang='lat' dir='ltr'>Agnaniae</span> <span class='ocrx_word' id='word_1_150' title='bbox 716 2670 808 2714; x_wconf 92' lang='lat' dir='ltr'>nono</span> <span class='ocrx_word' id='word_1_151' title='bbox 834 2648 1000 2712; x_wconf 87' lang='lat' dir='ltr'>kalendas</span> <span class='ocrx_word' id='word_1_152' title='bbox 1026 2648 1110 2730; x_wconf 88' lang='lat' dir='ltr'>Sep·</span> 
     </span>
    </p>
   </div>
   <div class='ocr_carea' id='block_1_3' title="bbox 163 2743 1095 2834">
    <p class='ocr_par' dir='ltr' id='par_1_8' title="bbox 163 2743 1095 2834">
     <span class='ocr_line' id='line_1_24' title="bbox 163 2743 1095 2834; baseline -0.003 -19"><span class='ocrx_word' id='word_1_153' title='bbox 163 2752 315 2831; x_wconf 89' lang='lat' dir='ltr'>tembris,</span> <span class='ocrx_word' id='word_1_154' title='bbox 331 2753 553 2834; x_wconf 89' lang='lat' dir='ltr'>pontificatus</span> <span class='ocrx_word' id='word_1_155' title='bbox 572 2751 680 2815; x_wconf 88' lang='lat' dir='ltr'>nostri</span> <span class='ocrx_word' id='word_1_156' title='bbox 697 2769 788 2813; x_wconf 90' lang='lat' dir='ltr'>anno</span> <span class='ocrx_word' id='word_1_157' title='bbox 804 2749 935 2813; x_wconf 91' lang='lat' dir='ltr'>decimo</span> <span class='ocrx_word' id='word_1_158' title='bbox 949 2743 1095 2813; x_wconf 69' lang='lat' dir='ltr'>octavo?</span> 
     </span>
    </p>
   </div>
   <div class='ocr_carea' id='block_1_4' title="bbox 261 2923 1010 3110">
    <p class='ocr_par' dir='ltr' id='par_1_9' title="bbox 261 2923 1010 3110">
     <span class='ocr_line' id='line_1_25' title="bbox 261 2923 1010 3013; baseline -0.003 -24"><span class='ocrx_word' id='word_1_159' title='bbox 261 2926 398 2991; x_wconf 70' lang='lat' dir='ltr'>Invento</span> <span class='ocrx_word' id='word_1_160' title='bbox 408 2947 504 3013; x_wconf 75' lang='lat' dir='ltr'>papa</span> <span class='ocrx_word' id='word_1_161' title='bbox 518 2926 554 2990; x_wconf 83' lang='lat' dir='ltr'>io</span> <span class='ocrx_word' id='word_1_162' title='bbox 571 2925 695 2989; x_wconf 75' lang='lat' dir='ltr'>barocco</span> <span class='ocrx_word' id='word_1_163' title='bbox 710 2923 835 3008; x_wconf 64' lang='lat' dir='ltr'>Acylla</span> <span class='ocrx_word' id='word_1_164' title='bbox 843 2924 939 3007; x_wconf 79' lang='lat' dir='ltr'>facta</span> <span class='ocrx_word' id='word_1_165' title='bbox 946 2944 1010 3007; x_wconf 79' lang='lat' dir='ltr'>pro</span> 
     </span>
     <span class='ocr_line' id='line_1_26' title="bbox 473 3023 787 3110; baseline -0.01 -22"><span class='ocrx_word' id='word_1_166' title='bbox 473 3025 683 3110; x_wconf 76' lang='lat' dir='ltr'>persecutione</span> <span class='ocrx_word' id='word_1_167' title='bbox 697 3023 787 3108; x_wconf 72' lang='lat' dir='ltr'>rapis.</span> 
     </span>
    </p>
   </div>
   <div class='ocr_carea' id='block_1_5' title="bbox 213 3143 1258 3257">
    <p class='ocr_par' dir='ltr' id='par_1_10' title="bbox 213 3143 1258 3257">
     <span class='ocr_line' id='line_1_27' title="bbox 213 3143 1258 3257; baseline -0.009 -43"><span class='ocrx_word' id='word_1_168' title='bbox 213 3149 369 3214; x_wconf 67' lang='lat' dir='ltr'>(lassatis</span> <span class='ocrx_word' id='word_1_169' title='bbox 392 3149 483 3213; x_wconf 89' lang='lat' dir='ltr'>hunc</span> <span class='ocrx_word' id='word_1_170' title='bbox 504 3151 541 3213; x_wconf 92' lang='lat' dir='ltr'>in</span> <span class='ocrx_word' id='word_1_171' title='bbox 563 3150 703 3214; x_wconf 92' lang='lat' dir='ltr'>modum</span> <span class='ocrx_word' id='word_1_172' title='bbox 730 3145 947 3211; x_wconf 90' lang='lat' dir='ltr'>libertatibus</span> <span class='ocrx_word' id='word_1_173' title='bbox 969 3143 1258 3257; x_wconf 60' lang='lat' dir='ltr'>praeffi⁰·{,¹,¹g¹‘{‚⁰:,2{2⁰</span> 
     </span>
    </p>
   </div>
   <div class='ocr_carea' id='block_1_6' title="bbox 164 3243 1240 3332">
    <p class='ocr_par' dir='ltr' id='par_1_11' title="bbox 164 3243 1240 3332">
     <span class='ocr_line' id='line_1_28' title="bbox 164 3243 1240 3332; baseline -0.006 -20"><span class='ocrx_word' id='word_1_174' title='bbox 164 3249 221 3324; x_wconf 92' lang='lat' dir='ltr'>tis,</span> <span class='ocrx_word' id='word_1_175' title='bbox 244 3249 333 3314; x_wconf 93' lang='lat' dir='ltr'>idem</span> <span class='ocrx_word' id='word_1_176' title='bbox 353 3268 445 3332; x_wconf 90' lang='lat' dir='ltr'>papa</span> <span class='ocrx_word' id='word_1_177' title='bbox 464 3250 652 3315; x_wconf 89' lang='lat' dir='ltr'>baronibus</span> <span class='ocrx_word' id='word_1_178' title='bbox 670 3248 808 3328; x_wconf 82' lang='lat' dir='ltr'>Angliae</span> <span class='ocrx_word' id='word_1_179' title='bbox 827 3245 965 3327; x_wconf 88' lang='lat' dir='ltr'>scripsit</span> <span class='ocrx_word' id='word_1_180' title='bbox 981 3245 1017 3308; x_wconf 91' lang='lat' dir='ltr'>in</span> <span class='ocrx_word' id='word_1_181' title='bbox 1036 3243 1111 3308; x_wconf 86' lang='lat' dir='ltr'>haec</span> <span class='ocrx_word' id='word_1_182' title='bbox 1124 3278 1150 3305; x_wconf 69' lang='grc' dir='ltr'>οη</span> <span class='ocrx_word' id='word_1_183' title='bbox 1161 3267 1240 3316; x_wconf 67' lang='lat' dir='ltr'>nagia</span> 
     </span>
    </p>
   </div>
   <div class='ocr_carea' id='block_1_7' title="bbox 163 3318 1208 3430">
    <p class='ocr_par' dir='ltr' id='par_1_12' title="bbox 163 3318 1208 3430">
     <span class='ocr_line' id='line_1_29' title="bbox 163 3318 1208 3430; baseline -0.004 -19"><span class='ocrx_word' id='word_1_184' title='bbox 163 3349 295 3428; x_wconf 83' lang='lat' dir='ltr'>verba3</span> <span class='ocrx_word' id='word_1_185' title='bbox 329 3343 355 3382; x_wconf 91' lang='lat'>¹‘</span> <span class='ocrx_word' id='word_1_186' title='bbox 368 3349 592 3413; x_wconf 90' lang='lat' dir='ltr'>Innocentius</span> <span class='ocrx_word' id='word_1_187' title='bbox 622 3349 815 3430; x_wconf 87' lang='lat' dir='ltr'>episcopus,</span> <span class='ocrx_word' id='word_1_188' title='bbox 842 3364 964 3408; x_wconf 88' lang='lat' dir='ltr'>servus</span> <span class='ocrx_word' id='word_1_189' title='bbox 994 3363 1111 3408; x_wconf 89' lang='lat' dir='ltr'>servo·</span> <span class='ocrx_word' id='word_1_190' title='bbox 1124 3318 1208 3357; x_wconf 49' lang='grc' dir='ltr'>ω’</span> 
     </span>
    </p>
   </div>
   <div class='ocr_carea' id='block_1_8' title="bbox 162 3445 1112 4130">
    <p class='ocr_par' dir='ltr' id='par_1_13' title="bbox 162 3445 1112 4130">
     <span class='ocr_line' id='line_1_30' title="bbox 164 3445 1112 3528; baseline -0.006 -17"><span class='ocrx_word' id='word_1_191' title='bbox 164 3467 239 3511; x_wconf 89' lang='lat' dir='ltr'>rum</span> <span class='ocrx_word' id='word_1_192' title='bbox 264 3449 343 3526; x_wconf 91' lang='lat' dir='ltr'>Dei,</span> <span class='ocrx_word' id='word_1_193' title='bbox 370 3450 542 3514; x_wconf 91' lang='lat' dir='ltr'>nobilibus</span> <span class='ocrx_word' id='word_1_194' title='bbox 566 3449 649 3513; x_wconf 89' lang='lat' dir='ltr'>viris</span> <span class='ocrx_word' id='word_1_195' title='bbox 671 3447 810 3528; x_wconf 84' lang='lat' dir='ltr'>Angliae</span> <span class='ocrx_word' id='word_1_196' title='bbox 841 3445 1000 3527; x_wconf 90' lang='lat' dir='ltr'>spiritum</span> <span class='ocrx_word' id='word_1_197' title='bbox 1029 3462 1112 3506; x_wconf 91' lang='lat' dir='ltr'>con-</span> 
     </span>
     <span class='ocr_line' id='line_1_31' title="bbox 165 3545 1111 3629; baseline -0.006 -18"><span class='ocrx_word' id='word_1_198' title='bbox 165 3547 232 3611; x_wconf 89' lang='lat' dir='ltr'>silii</span> <span class='ocrx_word' id='word_1_199' title='bbox 262 3550 420 3614; x_wconf 70' lang='lat' dir='ltr'>sanioris</span> <span class='ocrx_word' id='word_1_200' title='bbox 491 3549 635 3613; x_wconf 90' lang='lat' dir='ltr'>Utinam</span> <span class='ocrx_word' id='word_1_201' title='bbox 666 3548 703 3609; x_wconf 95' lang='lat' dir='ltr'>in</span> <span class='ocrx_word' id='word_1_202' title='bbox 732 3545 982 3629; x_wconf 87' lang='lat' dir='ltr'>persecutione,</span> <span class='ocrx_word' id='word_1_203' title='bbox 1008 3561 1111 3625; x_wconf 92' lang='lat' dir='ltr'>quam</span> 
     </span>
     <span class='ocr_line' id='line_1_32' title="bbox 164 3645 1112 3712; baseline -0.007 -1"><span class='ocrx_word' id='word_1_204' title='bbox 164 3653 293 3712; x_wconf 87' lang='lat' dir='ltr'>temere</span> <span class='ocrx_word' id='word_1_205' title='bbox 318 3648 551 3712; x_wconf 90' lang='lat' dir='ltr'>commovistis</span> <span class='ocrx_word' id='word_1_206' title='bbox 578 3647 744 3712; x_wconf 84' lang='lat' dir='ltr'>adversus</span> <span class='ocrx_word' id='word_1_207' title='bbox 767 3645 941 3710; x_wconf 92' lang='lat' dir='ltr'>dominum</span> <span class='ocrx_word' id='word_1_208' title='bbox 960 3648 1112 3707; x_wconf 90' lang='lat' dir='ltr'>vestrum</span> 
     </span>
     <span class='ocr_line' id='line_1_33' title="bbox 165 3742 1112 3830; baseline -0.004 -22"><span class='ocrx_word' id='word_1_209' title='bbox 165 3767 293 3828; x_wconf 83' lang='lat' dir='ltr'>regem,</span> <span class='ocrx_word' id='word_1_210' title='bbox 311 3747 546 3811; x_wconf 88' lang='lat' dir='ltr'>attendissetis</span> <span class='ocrx_word' id='word_1_211' title='bbox 564 3747 767 3830; x_wconf 90' lang='lat' dir='ltr'>prudentius</span> <span class='ocrx_word' id='word_1_212' title='bbox 788 3742 963 3809; x_wconf 82' lang='lat' dir='ltr'>fidelitatis</span> <span class='ocrx_word' id='word_1_213' title='bbox 979 3742 1112 3823; x_wconf 87' lang='lat' dir='ltr'>praesti-</span> 
     </span>
     <span class='ocr_line' id='line_1_34' title="bbox 164 3843 1112 3931; baseline -0.009 -20"><span class='ocrx_word' id='word_1_214' title='bbox 164 3855 211 3911; x_wconf 86' lang='lat' dir='ltr'>tae</span> <span class='ocrx_word' id='word_1_215' title='bbox 242 3847 490 3930; x_wconf 87' lang='lat' dir='ltr'>juramentum,</span> <span class='ocrx_word' id='word_1_216' title='bbox 521 3848 581 3931; x_wconf 89' lang='lat' dir='ltr'>jus</span> <span class='ocrx_word' id='word_1_217' title='bbox 619 3845 819 3929; x_wconf 86' lang='lat' dir='ltr'>apostolicae</span> <span class='ocrx_word' id='word_1_218' title='bbox 854 3843 956 3918; x_wconf 81' lang='lat' dir='ltr'>sedis,</span> <span class='ocrx_word' id='word_1_219' title='bbox 985 3848 1112 3903; x_wconf 85' lang='lat' dir='ltr'>nostrae</span> 
     </span>
     <span class='ocr_line' id='line_1_35' title="bbox 164 3941 1110 4028; baseline -0.006 -21"><span class='ocrx_word' id='word_1_220' title='bbox 164 3946 371 4028; x_wconf 90' lang='lat' dir='ltr'>provisionis</span> <span class='ocrx_word' id='word_1_221' title='bbox 393 3948 609 4023; x_wconf 88' lang='lat' dir='ltr'>mandatum,</span> <span class='ocrx_word' id='word_1_222' title='bbox 629 3953 664 4009; x_wconf 91' lang='lat' dir='ltr'>et</span> <span class='ocrx_word' id='word_1_223' title='bbox 681 3944 898 4028; x_wconf 83' lang='lat' dir='ltr'>privilegium</span> <span class='ocrx_word' id='word_1_224' title='bbox 918 3959 1019 4004; x_wconf 90' lang='lat' dir='ltr'>cruce</span> <span class='ocrx_word' id='word_1_225' title='bbox 1040 3941 1110 4020; x_wconf 83' lang='lat' dir='ltr'>sig-</span> 
     </span>
     <span class='ocr_line' id='line_1_36' title="bbox 162 4040 1111 4130; baseline -0.008 -21"><span class='ocrx_word' id='word_1_226' title='bbox 162 4046 254 4110; x_wconf 89' lang='lat' dir='ltr'>natis</span> <span class='ocrx_word' id='word_1_227' title='bbox 283 4046 476 4126; x_wconf 91' lang='lat' dir='ltr'>indultum;</span> <span class='ocrx_word' id='word_1_228' title='bbox 510 4048 593 4130; x_wconf 91' lang='lat' dir='ltr'>quia</span> <span class='ocrx_word' id='word_1_229' title='bbox 618 4044 842 4128; x_wconf 89' lang='lat' dir='ltr'>proculdubio</span> <span class='ocrx_word' id='word_1_230' title='bbox 868 4060 938 4105; x_wconf 92' lang='lat' dir='ltr'>non</span> <span class='ocrx_word' id='word_1_231' title='bbox 964 4040 1014 4102; x_wconf 87' lang='lat' dir='ltr'>sic</span> <span class='ocrx_word' id='word_1_232' title='bbox 1037 4058 1111 4121; x_wconf 83' lang='lat' dir='ltr'>pro</span> 
     </span>
    </p>
   </div>
   <div class='ocr_carea' id='block_1_9' title="bbox 168 4151 1111 4270">
    <p class='ocr_par' dir='ltr' id='par_1_14' title="bbox 168 4151 1111 4270">
     <span class='ocr_line' id='line_1_37' title="bbox 168 4151 1111 4177; baseline -0.012 -7"><span class='ocrx_word' id='word_1_233' title='bbox 168 4151 1111 4177; x_wconf 41' lang='lat' dir='ltr'>*ffl-</span> 
     </span>
     <span class='ocr_line' id='line_1_38' title="bbox 408 4190 865 4270; baseline -0.013 -14"><span class='ocrx_word' id='word_1_234' title='bbox 408 4206 415 4236; x_wconf 93' lang='lat'><strong>¹</strong></span> <span class='ocrx_word' id='word_1_235' title='bbox 430 4207 605 4270; x_wconf 65' lang='lat' dir='ltr'>Innocentium]</span> <span class='ocrx_word' id='word_1_236' title='bbox 624 4190 728 4270; x_wconf 76' lang='lat' dir='ltr'>liymrr,</span> <span class='ocrx_word' id='word_1_237' title='bbox 739 4205 757 4254; x_wconf 89' lang='lat' dir='ltr'>i.</span> <span class='ocrx_word' id='word_1_238' title='bbox 769 4219 795 4265; x_wconf 90' lang='lat' dir='ltr'>p.</span> <span class='ocrx_word' id='word_1_239' title='bbox 808 4204 865 4251; x_wconf 79' lang='lat'>1³6.</span> 
     </span>
    </p>
   </div>
   <div class='ocr_carea' id='block_1_10' title="bbox 0 0 1434 4876">
    <p class='ocr_par' dir='ltr' id='par_1_15' title="bbox 0 0 1434 4876">
     <span class='ocr_line' id='line_1_39' title="bbox 0 0 1434 4876; baseline 0 0"><span class='ocrx_word' id='word_1_240' title='bbox 0 0 1434 4876; x_wconf 95' lang='lat' dir='ltr'> </span> 
     </span>
    </p>
   </div>
  </div>
 </body>
</html>
