<?xml version="1.0" encoding="UTF-8"?>
<!DOCTYPE html PUBLIC "-//W3C//DTD XHTML 1.0 Transitional//EN"
    "http://www.w3.org/TR/xhtml1/DTD/xhtml1-transitional.dtd">
<html xmlns="http://www.w3.org/1999/xhtml" xml:lang="en" lang="en">
 <head>
  <title>
</title>
<meta http-equiv="Content-Type" content="text/html;charset=utf-8" />
  <meta name='ocr-system' content='tesseract 3.04.00' />
  <meta name='ocr-capabilities' content='ocr_page ocr_carea ocr_par ocr_line ocrx_word'/>
</head>
<body>
  <div class='ocr_page' id='page_1' title='image "./rogeridewendove06rogegoog_0071.png"; bbox 0 0 2858 4876; ppageno 0'>
   <div class='ocr_carea' id='block_1_1' title="bbox 309 393 996 458">
    <p class='ocr_par' dir='ltr' id='par_1_1' title="bbox 309 393 996 458">
     <span class='ocr_line' id='line_1_1' title="bbox 309 393 996 458; baseline -0.006 0"><span class='ocrx_word' id='word_1_1' title='bbox 309 393 352 458; x_wconf 77' lang='lat'><strong>62</strong></span> <span class='ocrx_word' id='word_1_2' title='bbox 561 410 694 458; x_wconf 80' lang='lat' dir='ltr'><strong>uocum</strong></span> <span class='ocrx_word' id='word_1_3' title='bbox 718 410 765 457; x_wconf 85' lang='lat' dir='ltr'><strong>uu</strong></span> <span class='ocrx_word' id='word_1_4' title='bbox 790 407 996 457; x_wconf 79' lang='lat' dir='ltr'><strong>wnuuovun</strong></span> 
     </span>
    </p>
   </div>
   <div class='ocr_carea' id='block_1_2' title="bbox 148 560 1325 3918">
    <p class='ocr_par' dir='ltr' id='par_1_2' title="bbox 148 560 1325 3918">
     <span class='ocr_line' id='line_1_2' title="bbox 148 560 1270 724; baseline -0.006 -95"><span class='ocrx_word' id='word_1_5' title='bbox 148 573 270 614; x_wconf 53' lang='lat' dir='ltr'><strong>All-¹¹⁹2</strong></span> <span class='ocrx_word' id='word_1_6' title='bbox 307 565 435 648; x_wconf 91' lang='lat' dir='ltr'><strong>posito,</strong></span> <span class='ocrx_word' id='word_1_7' title='bbox 457 572 493 630; x_wconf 93' lang='lat' dir='ltr'><strong>et</strong></span> <span class='ocrx_word' id='word_1_8' title='bbox 514 567 614 649; x_wconf 85' lang='lat' dir='ltr'><strong>quasi</strong></span> <span class='ocrx_word' id='word_1_9' title='bbox 634 586 678 629; x_wconf 90' lang='lat' dir='ltr'><strong>ex</strong></span> <span class='ocrx_word' id='word_1_10' title='bbox 701 565 850 629; x_wconf 91' lang='lat' dir='ltr'><strong>hostium</strong></span> <span class='ocrx_word' id='word_1_11' title='bbox 875 562 1123 724; x_wconf 49' lang='lat' dir='ltr'><strong>numerositlirte</strong></span> <span class='ocrx_word' id='word_1_12' title='bbox 1141 560 1270 624; x_wconf 81' lang='lat' dir='ltr'><strong>factus</strong></span> 
     </span>
     <span class='ocr_line' id='line_1_3' title="bbox 307 659 1271 747; baseline -0.007 -19"><span class='ocrx_word' id='word_1_13' title='bbox 307 665 483 742; x_wconf 81' lang='lat' dir='ltr'>audacior,</span> <span class='ocrx_word' id='word_1_14' title='bbox 507 684 591 730; x_wconf 88' lang='lat' dir='ltr'><strong>suos</strong></span> <span class='ocrx_word' id='word_1_15' title='bbox 621 665 665 728; x_wconf 88' lang='lat' dir='ltr'><strong>ad</strong></span> <span class='ocrx_word' id='word_1_16' title='bbox 693 684 845 747; x_wconf 81' lang='lat' dir='ltr'><strong>pugnam</strong></span> <span class='ocrx_word' id='word_1_17' title='bbox 870 663 985 727; x_wconf 89' lang='lat' dir='ltr'><strong>verbis</strong></span> <span class='ocrx_word' id='word_1_18' title='bbox 1010 682 1055 727; x_wconf 84' lang='lat' dir='ltr'><strong>ex</strong></span> <span class='ocrx_word' id='word_1_19' title='bbox 1079 659 1271 726; x_wconf 85' lang='lat' dir='ltr'><strong>ortatoriis</strong></span> 
     </span>
     <span class='ocr_line' id='line_1_4' title="bbox 308 759 1271 846; baseline -0.007 -18"><span class='ocrx_word' id='word_1_20' title='bbox 308 764 505 845; x_wconf 85' lang='lat' dir='ltr'><strong>animabat3</strong></span> <span class='ocrx_word' id='word_1_21' title='bbox 531 759 611 828; x_wconf 89' lang='lat' dir='ltr'><strong>¹nec</strong></span> <span class='ocrx_word' id='word_1_22' title='bbox 633 783 741 841; x_wconf 89' lang='lat' dir='ltr'><strong>mora,</strong></span> <span class='ocrx_word' id='word_1_23' title='bbox 762 765 837 846; x_wconf 90' lang='lat' dir='ltr'><strong>ipse</strong></span> <span class='ocrx_word' id='word_1_24' title='bbox 854 782 933 826; x_wconf 92' lang='lat' dir='ltr'><strong>cum</strong></span> <span class='ocrx_word' id='word_1_25' title='bbox 952 761 1111 826; x_wconf 88' lang='lat' dir='ltr'><strong>undecim</strong></span> <span class='ocrx_word' id='word_1_26' title='bbox 1133 759 1271 843; x_wconf 90' lang='lat' dir='ltr'><strong>equiti-</strong></span> 
     </span>
     <span class='ocr_line' id='line_1_5' title="bbox 307 859 1268 945; baseline -0.005 -19"><span class='ocrx_word' id='word_1_27' title='bbox 307 864 383 941; x_wconf 77' lang='lat' dir='ltr'><strong>buS,</strong></span> <span class='ocrx_word' id='word_1_28' title='bbox 399 864 459 945; x_wconf 91' lang='lat' dir='ltr'><strong>qui</strong></span> <span class='ocrx_word' id='word_1_29' title='bbox 481 865 546 928; x_wconf 92' lang='lat' dir='ltr'><strong>soli</strong></span> <span class='ocrx_word' id='word_1_30' title='bbox 561 884 606 928; x_wconf 89' lang='lat' dir='ltr'><strong>ex</strong></span> <span class='ocrx_word' id='word_1_31' title='bbox 624 862 780 928; x_wconf 91' lang='lat' dir='ltr'><strong>omnibus</strong></span> <span class='ocrx_word' id='word_1_32' title='bbox 796 881 903 945; x_wconf 87' lang='lat' dir='ltr'><strong>equos</strong></span> <span class='ocrx_word' id='word_1_33' title='bbox 919 861 1106 938; x_wconf 87' lang='lat' dir='ltr'><strong>habebant,</strong></span> <span class='ocrx_word' id='word_1_34' title='bbox 1124 859 1162 922; x_wconf 93' lang='lat' dir='ltr'><strong>in</strong></span> <span class='ocrx_word' id='word_1_35' title='bbox 1179 859 1268 923; x_wconf 86' lang='lat' dir='ltr'><strong>hos-</strong></span> 
     </span>
     <span class='ocr_line' id='line_1_6' title="bbox 308 957 1267 1045; baseline -0.005 -19"><span class='ocrx_word' id='word_1_36' title='bbox 308 963 386 1026; x_wconf 87' lang='lat' dir='ltr'><strong>tiles</strong></span> <span class='ocrx_word' id='word_1_37' title='bbox 414 964 505 1027; x_wconf 89' lang='lat' dir='ltr'><strong>acies</strong></span> <span class='ocrx_word' id='word_1_38' title='bbox 532 963 691 1045; x_wconf 85' lang='lat' dir='ltr'>prorupit</span> <span class='ocrx_word' id='word_1_39' title='bbox 718 962 922 1044; x_wconf 89' lang='lat' dir='ltr'><strong>intrepidus,</strong></span> <span class='ocrx_word' id='word_1_40' title='bbox 950 980 1066 1024; x_wconf 83' lang='lat' dir='ltr'>ensem</span> <span class='ocrx_word' id='word_1_41' title='bbox 1092 958 1193 1024; x_wconf 90' lang='lat' dir='ltr'><strong>ocius</strong></span> <span class='ocrx_word' id='word_1_42' title='bbox 1218 957 1267 1021; x_wconf 89' lang='lat' dir='ltr'><strong>de</strong></span> 
     </span>
     <span class='ocr_line' id='line_1_7' title="bbox 310 1059 1267 1143; baseline -0.005 -18"><span class='ocrx_word' id='word_1_43' title='bbox 310 1063 437 1143; x_wconf 85' lang='lat' dir='ltr'><strong>vagina</strong></span> <span class='ocrx_word' id='word_1_44' title='bbox 456 1064 623 1139; x_wconf 82' lang='lat' dir='ltr'><strong>extraxit,</strong></span> <span class='ocrx_word' id='word_1_45' title='bbox 645 1062 800 1126; x_wconf 82' lang='lat' dir='ltr'><strong>lanceam</strong></span> <span class='ocrx_word' id='word_1_46' title='bbox 819 1062 934 1126; x_wconf 87' lang='lat' dir='ltr'><strong>vibrat</strong></span> <span class='ocrx_word' id='word_1_47' title='bbox 953 1067 1059 1142; x_wconf 92' lang='lat' dir='ltr'><strong>atque</strong></span> <span class='ocrx_word' id='word_1_48' title='bbox 1082 1059 1176 1123; x_wconf 90' lang='lat' dir='ltr'><strong>circa</strong></span> <span class='ocrx_word' id='word_1_49' title='bbox 1199 1075 1267 1138; x_wconf 88' lang='lat' dir='ltr'><strong>ga·</strong></span> 
     </span>
     <span class='ocr_line' id='line_1_8' title="bbox 308 1155 1267 1243; baseline -0.005 -20"><span class='ocrx_word' id='word_1_50' title='bbox 308 1160 402 1225; x_wconf 86' lang='lat' dir='ltr'><strong>leata</strong></span> <span class='ocrx_word' id='word_1_51' title='bbox 428 1162 544 1243; x_wconf 88' lang='lat' dir='ltr'><strong>capita</strong></span> <span class='ocrx_word' id='word_1_52' title='bbox 570 1162 700 1226; x_wconf 93' lang='lat' dir='ltr'><strong>ictuum</strong></span> <span class='ocrx_word' id='word_1_53' title='bbox 732 1159 910 1224; x_wconf 87' lang='lat' dir='ltr'><strong>collisione</strong></span> <span class='ocrx_word' id='word_1_54' title='bbox 940 1157 1118 1223; x_wconf 91' lang='lat' dir='ltr'><strong>tinniendo</strong></span> <span class='ocrx_word' id='word_1_55' title='bbox 1142 1155 1267 1220; x_wconf 90' lang='lat' dir='ltr'><strong>fulmi-</strong></span> 
     </span>
     <span class='ocr_line' id='line_1_9' title="bbox 309 1257 1267 1343; baseline -0.003 -21"><span class='ocrx_word' id='word_1_56' title='bbox 309 1267 382 1336; x_wconf 87' lang='lat' dir='ltr'><strong>nat,</strong></span> <span class='ocrx_word' id='word_1_57' title='bbox 405 1279 580 1343; x_wconf 83' lang='lat' dir='ltr'>equosque</span> <span class='ocrx_word' id='word_1_58' title='bbox 603 1259 772 1324; x_wconf 89' lang='lat' dir='ltr'><strong>Arabicos</strong></span> <span class='ocrx_word' id='word_1_59' title='bbox 795 1259 944 1342; x_wconf 91' lang='lat' dir='ltr'><strong>propriis</strong></span> <span class='ocrx_word' id='word_1_60' title='bbox 967 1257 1159 1323; x_wconf 83' lang='lat' dir='ltr'><strong>sessoribus</strong></span> <span class='ocrx_word' id='word_1_61' title='bbox 1179 1274 1267 1320; x_wconf 88' lang='lat' dir='ltr'><strong>eva-</strong></span> 
     </span>
     <span class='ocr_line' id='line_1_10' title="bbox 309 1355 1270 1442; baseline -0.005 -20"><span class='ocrx_word' id='word_1_62' title='bbox 309 1378 416 1423; x_wconf 89' lang='lat' dir='ltr'><strong>cuans</strong></span> <span class='ocrx_word' id='word_1_63' title='bbox 443 1360 609 1423; x_wconf 91' lang='lat' dir='ltr'><strong>militibus</strong></span> <span class='ocrx_word' id='word_1_64' title='bbox 632 1359 717 1437; x_wconf 90' lang='lat' dir='ltr'><strong>suis,</strong></span> <span class='ocrx_word' id='word_1_65' title='bbox 740 1358 800 1442; x_wconf 91' lang='lat' dir='ltr'><strong>qui</strong></span> <span class='ocrx_word' id='word_1_66' title='bbox 821 1359 955 1441; x_wconf 82' lang='lat' dir='ltr'><strong>pedites</strong></span> <span class='ocrx_word' id='word_1_67' title='bbox 981 1363 1090 1433; x_wconf 86' lang='lat' dir='ltr'><strong>erant,</strong></span> <span class='ocrx_word' id='word_1_68' title='bbox 1113 1355 1270 1436; x_wconf 86' lang='lat' dir='ltr'><strong>largiter</strong></span> 
     </span>
     <span class='ocr_line' id='line_1_11' title="bbox 309 1456 1269 1541; baseline -0.002 -20"><span class='ocrx_word' id='word_1_69' title='bbox 309 1459 486 1540; x_wconf 81' lang='lat' dir='ltr'><strong>erogavit3</strong></span> <span class='ocrx_word' id='word_1_70' title='bbox 513 1478 600 1541; x_wconf 92' lang='lat' dir='ltr'><strong>quos</strong></span> <span class='ocrx_word' id='word_1_71' title='bbox 622 1458 674 1522; x_wconf 93' lang='lat' dir='ltr'><strong>illi</strong></span> <span class='ocrx_word' id='word_1_72' title='bbox 696 1458 779 1540; x_wconf 87' lang='lat' dir='ltr'><strong>agili</strong></span> <span class='ocrx_word' id='word_1_73' title='bbox 801 1459 894 1522; x_wconf 91' lang='lat' dir='ltr'><strong>saltu</strong></span> <span class='ocrx_word' id='word_1_74' title='bbox 916 1456 1153 1532; x_wconf 87' lang='lat' dir='ltr'><strong>ascendentes,</strong></span> <span class='ocrx_word' id='word_1_75' title='bbox 1177 1474 1269 1536; x_wconf 88' lang='lat' dir='ltr'><strong>rege</strong></span> 
     </span>
     <span class='ocr_line' id='line_1_12' title="bbox 309 1555 1270 1641; baseline -0.001 -21"><span class='ocrx_word' id='word_1_76' title='bbox 309 1576 445 1640; x_wconf 89' lang='lat' dir='ltr'><strong>semper</strong></span> <span class='ocrx_word' id='word_1_77' title='bbox 466 1558 609 1641; x_wconf 88' lang='lat' dir='ltr'><strong>praevio,</strong></span> <span class='ocrx_word' id='word_1_78' title='bbox 629 1558 780 1622; x_wconf 91' lang='lat' dir='ltr'><strong>hostium</strong></span> <span class='ocrx_word' id='word_1_79' title='bbox 805 1564 963 1622; x_wconf 88' lang='lat' dir='ltr'><strong>catervas</strong></span> <span class='ocrx_word' id='word_1_80' title='bbox 983 1575 1004 1620; x_wconf 90' lang='lat' dir='ltr'><strong>a</strong></span> <span class='ocrx_word' id='word_1_81' title='bbox 1022 1555 1153 1619; x_wconf 88' lang='lat' dir='ltr'><strong>dextris</strong></span> <span class='ocrx_word' id='word_1_82' title='bbox 1181 1561 1218 1618; x_wconf 93' lang='lat' dir='ltr'><strong>et</strong></span> <span class='ocrx_word' id='word_1_83' title='bbox 1243 1573 1270 1619; x_wconf 83' lang='lat' dir='ltr'><strong>a</strong></span> 
     </span>
     <span class='ocr_line' id='line_1_13' title="bbox 309 1656 1267 1739; baseline -0.003 -20"><span class='ocrx_word' id='word_1_84' title='bbox 309 1657 457 1720; x_wconf 89' lang='lat' dir='ltr'><strong>sinistris</strong></span> <span class='ocrx_word' id='word_1_85' title='bbox 481 1657 729 1739; x_wconf 86' lang='lat' dir='ltr'><strong>prosternendo</strong></span> <span class='ocrx_word' id='word_1_86' title='bbox 751 1656 921 1739; x_wconf 90' lang='lat' dir='ltr'><strong>dissipant</strong></span> <span class='ocrx_word' id='word_1_87' title='bbox 946 1663 982 1719; x_wconf 93' lang='lat' dir='ltr'><strong>et</strong></span> <span class='ocrx_word' id='word_1_88' title='bbox 1009 1656 1075 1720; x_wconf 92' lang='lat' dir='ltr'><strong>sibi</strong></span> <span class='ocrx_word' id='word_1_89' title='bbox 1101 1672 1267 1737; x_wconf 89' lang='lat' dir='ltr'><strong>quosque</strong></span> 
     </span>
     <span class='ocr_line' id='line_1_14' title="bbox 310 1749 1268 1836; baseline -0.002 -18"><span class='ocrx_word' id='word_1_90' title='bbox 310 1755 430 1819; x_wconf 87' lang='lat' dir='ltr'><strong>obvios</strong></span> <span class='ocrx_word' id='word_1_91' title='bbox 446 1756 759 1820; x_wconf 89' lang='lat' dir='ltr'><strong>immisericorditer</strong></span> <span class='ocrx_word' id='word_1_92' title='bbox 776 1756 961 1820; x_wconf 86' lang='lat' dir='ltr'><strong>trucidant.</strong></span> <span class='ocrx_word' id='word_1_93' title='bbox 1001 1749 1157 1836; x_wconf 83' lang='lat' dir='ltr'><strong>²Pagani</strong></span> <span class='ocrx_word' id='word_1_94' title='bbox 1174 1771 1268 1817; x_wconf 86' lang='lat' dir='ltr'><strong>vero</strong></span> 
     </span>
     <span class='ocr_line' id='line_1_15' title="bbox 311 1852 1269 1935; baseline -0.002 -19"><span class='ocrx_word' id='word_1_95' title='bbox 311 1862 507 1919; x_wconf 85' lang='lat' dir='ltr'><strong>corruentes</strong></span> <span class='ocrx_word' id='word_1_96' title='bbox 528 1856 731 1919; x_wconf 91' lang='lat' dir='ltr'><strong>miserandis</strong></span> <span class='ocrx_word' id='word_1_97' title='bbox 755 1856 962 1919; x_wconf 89' lang='lat' dir='ltr'><strong>clamoribus</strong></span> <span class='ocrx_word' id='word_1_98' title='bbox 989 1854 1162 1935; x_wconf 89' lang='lat' dir='ltr'><strong>mugiunt,</strong></span> <span class='ocrx_word' id='word_1_99' title='bbox 1187 1852 1269 1916; x_wconf 87' lang='lat' dir='ltr'><strong>ani·</strong></span> 
     </span>
     <span class='ocr_line' id='line_1_16' title="bbox 310 1952 1266 2036; baseline 0.001 -21"><span class='ocrx_word' id='word_1_100' title='bbox 310 1971 454 2036; x_wconf 87' lang='lat' dir='ltr'><strong>masque</strong></span> <span class='ocrx_word' id='word_1_101' title='bbox 489 1974 566 2019; x_wconf 91' lang='lat' dir='ltr'><strong>cum</strong></span> <span class='ocrx_word' id='word_1_102' title='bbox 604 1954 773 2036; x_wconf 87' lang='lat' dir='ltr'><strong>sanguine</strong></span> <span class='ocrx_word' id='word_1_103' title='bbox 814 1955 858 2018; x_wconf 90' lang='lat' dir='ltr'><strong>ad</strong></span> <span class='ocrx_word' id='word_1_104' title='bbox 898 1960 1031 2018; x_wconf 83' lang='lat' dir='ltr'><strong>tartara</strong></span> <span class='ocrx_word' id='word_1_105' title='bbox 1063 1952 1266 2016; x_wconf 90' lang='lat' dir='ltr'><strong>remittunt.</strong></span> 
     </span>
     <span class='ocr_line' id='line_1_17' title="bbox 312 2050 1269 2136; baseline 0 -21"><span class='ocrx_word' id='word_1_106' title='bbox 312 2052 490 2117; x_wconf 91' lang='lat' dir='ltr'><strong>Praeibaut</strong></span> <span class='ocrx_word' id='word_1_107' title='bbox 513 2072 648 2136; x_wconf 91' lang='lat' dir='ltr'><strong>semper</strong></span> <span class='ocrx_word' id='word_1_108' title='bbox 672 2054 842 2118; x_wconf 89' lang='lat' dir='ltr'><strong>balistarii</strong></span> <span class='ocrx_word' id='word_1_109' title='bbox 865 2054 901 2117; x_wconf 94' lang='lat' dir='ltr'><strong>in</strong></span> <span class='ocrx_word' id='word_1_110' title='bbox 927 2052 993 2116; x_wconf 91' lang='lat' dir='ltr'><strong>hac</strong></span> <span class='ocrx_word' id='word_1_111' title='bbox 1016 2050 1269 2133; x_wconf 82' lang='lat' dir='ltr'><strong>congressione</strong></span> 
     </span>
     <span class='ocr_line' id='line_1_18' title="bbox 310 2149 1269 2235; baseline -0.002 -20"><span class='ocrx_word' id='word_1_112' title='bbox 310 2152 526 2234; x_wconf 90' lang='lat' dir='ltr'><strong>potissimum</strong></span> <span class='ocrx_word' id='word_1_113' title='bbox 549 2152 725 2229; x_wconf 86' lang='lat' dir='ltr'><strong>laudandi,</strong></span> <span class='ocrx_word' id='word_1_114' title='bbox 749 2172 893 2235; x_wconf 88' lang='lat' dir='ltr'><strong>quorum</strong></span> <span class='ocrx_word' id='word_1_115' title='bbox 915 2149 1177 2234; x_wconf 86' lang='lat' dir='ltr'><strong>incomparabili</strong></span> <span class='ocrx_word' id='word_1_116' title='bbox 1193 2151 1269 2215; x_wconf 91' lang='lat' dir='ltr'><strong>vir-</strong></span> 
     </span>
     <span class='ocr_line' id='line_1_19' title="bbox 312 2250 1270 2334; baseline 0 -20"><span class='ocrx_word' id='word_1_117' title='bbox 312 2257 387 2314; x_wconf 85' lang='lat' dir='ltr'><strong>tute</strong></span> <span class='ocrx_word' id='word_1_118' title='bbox 409 2250 543 2315; x_wconf 91' lang='lat' dir='ltr'><strong>hostilis</strong></span> <span class='ocrx_word' id='word_1_119' title='bbox 565 2251 737 2333; x_wconf 90' lang='lat' dir='ltr'><strong>praecipue</strong></span> <span class='ocrx_word' id='word_1_120' title='bbox 761 2252 992 2334; x_wconf 90' lang='lat' dir='ltr'><strong>repellebatur</strong></span> <span class='ocrx_word' id='word_1_121' title='bbox 1015 2251 1178 2332; x_wconf 88' lang='lat' dir='ltr'><strong>impetus,</strong></span> <span class='ocrx_word' id='word_1_122' title='bbox 1201 2267 1270 2314; x_wconf 84' lang='lat' dir='ltr'><strong>au-</strong></span> 
     </span>
     <span class='ocr_line' id='line_1_20' title="bbox 311 2349 1325 2434; baseline 0.001 -22"><span class='ocrx_word' id='word_1_123' title='bbox 311 2349 411 2413; x_wconf 89' lang='lat' dir='ltr'><strong>dacia</strong></span> <span class='ocrx_word' id='word_1_124' title='bbox 429 2357 533 2434; x_wconf 87' lang='lat' dir='ltr'><strong>atquc</strong></span> <span class='ocrx_word' id='word_1_125' title='bbox 549 2351 711 2415; x_wconf 86' lang='lat' dir='ltr'><strong>ferocitas</strong></span> <span class='ocrx_word' id='word_1_126' title='bbox 727 2351 894 2433; x_wconf 88' lang='lat' dir='ltr'><strong>paulatim</strong></span> <span class='ocrx_word' id='word_1_127' title='bbox 910 2350 1150 2427; x_wconf 85' lang='lat' dir='ltr'><strong>sternebatur3</strong></span> <span class='ocrx_word' id='word_1_128' title='bbox 1178 2368 1270 2413; x_wconf 90' lang='lat' dir='ltr'><strong>nam</strong></span> <span class='ocrx_word' id='word_1_129' title='bbox 1321 2376 1325 2386; x_wconf 63' lang='lat'>¹</span> 
     </span>
     <span class='ocr_line' id='line_1_21' title="bbox 311 2448 1270 2532; baseline 0 -21"><span class='ocrx_word' id='word_1_130' title='bbox 311 2448 392 2511; x_wconf 92' lang='lat' dir='ltr'><strong>dum</strong></span> <span class='ocrx_word' id='word_1_131' title='bbox 414 2469 533 2514; x_wconf 89' lang='lat' dir='ltr'><strong>eorum</strong></span> <span class='ocrx_word' id='word_1_132' title='bbox 557 2450 692 2532; x_wconf 90' lang='lat' dir='ltr'><strong>spicula-</strong></span> <span class='ocrx_word' id='word_1_133' title='bbox 708 2451 853 2532; x_wconf 90' lang='lat' dir='ltr'><strong>quisque</strong></span> <span class='ocrx_word' id='word_1_134' title='bbox 871 2450 1006 2513; x_wconf 89' lang='lat' dir='ltr'><strong>cautius</strong></span> <span class='ocrx_word' id='word_1_135' title='bbox 1028 2448 1270 2532; x_wconf 81' lang='lat' dir='ltr'><strong>praecavebat,</strong></span> 
     </span>
     <span class='ocr_line' id='line_1_22' title="bbox 311 2548 1302 2637; baseline 0.001 -26"><span class='ocrx_word' id='word_1_136' title='bbox 311 2548 498 2613; x_wconf 89' lang='lat' dir='ltr'><strong>assilientis</strong></span> <span class='ocrx_word' id='word_1_137' title='bbox 515 2548 625 2612; x_wconf 87' lang='lat' dir='ltr'><strong>hostis</strong></span> <span class='ocrx_word' id='word_1_138' title='bbox 643 2550 919 2630; x_wconf 85' lang='lat' dir='ltr'><strong>congressionem</strong></span> <span class='ocrx_word' id='word_1_139' title='bbox 941 2549 1271 2630; x_wconf 90' lang='lat' dir='ltr'><strong>incircumspectius</strong></span> <span class='ocrx_word' id='word_1_140' title='bbox 1299 2631 1302 2637; x_wconf 25' lang='lat'>¹</span> 
     </span>
     <span class='ocr_line' id='line_1_23' title="bbox 311 2647 1270 2727; baseline 0 -17"><span class='ocrx_word' id='word_1_141' title='bbox 311 2653 447 2727; x_wconf 91' lang='lat' dir='ltr'><strong>poterat</strong></span> <span class='ocrx_word' id='word_1_142' title='bbox 473 2647 615 2713; x_wconf 86' lang='lat' dir='ltr'><strong>evitare.</strong></span> <span class='ocrx_word' id='word_1_143' title='bbox 668 2647 712 2711; x_wconf 96' lang='lat' dir='ltr'><strong>In</strong></span> <span class='ocrx_word' id='word_1_144' title='bbox 738 2649 803 2712; x_wconf 91' lang='lat' dir='ltr'><strong>hoc</strong></span> <span class='ocrx_word' id='word_1_145' title='bbox 828 2655 943 2712; x_wconf 92' lang='lat' dir='ltr'><strong>autem</strong></span> <span class='ocrx_word' id='word_1_146' title='bbox 968 2648 1051 2711; x_wconf 89' lang='lat' dir='ltr'><strong>belli</strong></span> <span class='ocrx_word' id='word_1_147' title='bbox 1072 2647 1270 2710; x_wconf 89' lang='lat' dir='ltr'><strong>certamine</strong></span> 
     </span>
     <span class='ocr_line' id='line_1_24' title="bbox 312 2746 1271 2829; baseline 0.003 -22"><span class='ocrx_word' id='word_1_148' title='bbox 312 2753 477 2826; x_wconf 87' lang='lat' dir='ltr'><strong>quantum</strong></span> <span class='ocrx_word' id='word_1_149' title='bbox 494 2747 606 2811; x_wconf 90' lang='lat' dir='ltr'><strong>virtus</strong></span> <span class='ocrx_word' id='word_1_150' title='bbox 624 2746 714 2827; x_wconf 87' lang='lat' dir='ltr'><strong>regis</strong></span> <span class='ocrx_word' id='word_1_151' title='bbox 734 2746 906 2824; x_wconf 88' lang='lat' dir='ltr'><strong>enituerit,</strong></span> <span class='ocrx_word' id='word_1_152' title='bbox 924 2753 1160 2829; x_wconf 87' lang='lat' dir='ltr'><strong>quantumque</strong></span> <span class='ocrx_word' id='word_1_153' title='bbox 1182 2765 1271 2810; x_wconf 90' lang='lat' dir='ltr'><strong>suo·</strong></span> 
     </span>
     <span class='ocr_line' id='line_1_25' title="bbox 312 2844 1272 2929; baseline 0.005 -23"><span class='ocrx_word' id='word_1_154' title='bbox 312 2863 387 2906; x_wconf 91' lang='lat' dir='ltr'><strong>rum</strong></span> <span class='ocrx_word' id='word_1_155' title='bbox 414 2845 568 2927; x_wconf 85' lang='lat' dir='ltr'><strong>probitas</strong></span> <span class='ocrx_word' id='word_1_156' title='bbox 598 2846 771 2922; x_wconf 84' lang='lat' dir='ltr'><strong>claruerit,</strong></span> <span class='ocrx_word' id='word_1_157' title='bbox 799 2853 950 2929; x_wconf 90' lang='lat' dir='ltr'><strong>quotque</strong></span> <span class='ocrx_word' id='word_1_158' title='bbox 975 2846 1126 2910; x_wconf 92' lang='lat' dir='ltr'><strong>hostium</strong></span> <span class='ocrx_word' id='word_1_159' title='bbox 1151 2844 1272 2911; x_wconf 83' lang='lat' dir='ltr'><strong>millia</strong></span> 
     </span>
     <span class='ocr_line' id='line_1_26' title="bbox 313 2942 1268 3025; baseline 0.002 -20"><span class='ocrx_word' id='word_1_160' title='bbox 313 2942 356 3005; x_wconf 87' lang='lat' dir='ltr'><strong>dc</strong></span> <span class='ocrx_word' id='word_1_161' title='bbox 384 2943 504 3024; x_wconf 88' lang='lat' dir='ltr'><strong>praelio</strong></span> <span class='ocrx_word' id='word_1_162' title='bbox 531 2944 716 3025; x_wconf 81' lang='lat' dir='ltr'><strong>fugaverit,</strong></span> <span class='ocrx_word' id='word_1_163' title='bbox 748 2945 947 3009; x_wconf 93' lang='lat' dir='ltr'><strong>incredibile</strong></span> <span class='ocrx_word' id='word_1_164' title='bbox 976 2945 1088 3008; x_wconf 89' lang='lat' dir='ltr'><strong>relatu</strong></span> <span class='ocrx_word' id='word_1_165' title='bbox 1110 2943 1268 3024; x_wconf 89' lang='lat' dir='ltr'><strong>videtur,</strong></span> 
     </span>
     <span class='ocr_line' id='line_1_27' title="bbox 314 3041 1270 3122; baseline 0.004 -19"><span class='ocrx_word' id='word_1_166' title='bbox 314 3041 381 3103; x_wconf 89' lang='lat' dir='ltr'><strong>nisi</strong></span> <span class='ocrx_word' id='word_1_167' title='bbox 405 3043 516 3106; x_wconf 89' lang='lat' dir='ltr'><strong>virtus</strong></span> <span class='ocrx_word' id='word_1_168' title='bbox 546 3044 664 3107; x_wconf 89' lang='lat' dir='ltr'><strong>divina</strong></span> <span class='ocrx_word' id='word_1_169' title='bbox 692 3043 903 3109; x_wconf 87' lang='lat' dir='ltr'><strong>attendatur.</strong></span> <span class='ocrx_word' id='word_1_170' title='bbox 956 3043 1044 3122; x_wconf 85' lang='lat' dir='ltr'><strong>Quis</strong></span> <span class='ocrx_word' id='word_1_171' title='bbox 1075 3044 1165 3108; x_wconf 92' lang='lat' dir='ltr'><strong>enim</strong></span> <span class='ocrx_word' id='word_1_172' title='bbox 1198 3063 1270 3107; x_wconf 93' lang='lat' dir='ltr'><strong>nn·</strong></span> 
     </span>
     <span class='ocr_line' id='line_1_28' title="bbox 314 3141 1271 3224; baseline 0.006 -23"><span class='ocrx_word' id='word_1_173' title='bbox 314 3158 418 3221; x_wconf 88' lang='lat' dir='ltr'><strong>quam</strong></span> <span class='ocrx_word' id='word_1_174' title='bbox 453 3141 605 3206; x_wconf 88' lang='lat' dir='ltr'><strong>crederet</strong></span> <span class='ocrx_word' id='word_1_175' title='bbox 637 3143 815 3224; x_wconf 85' lang='lat' dir='ltr'><strong>octoginta</strong></span> <span class='ocrx_word' id='word_1_176' title='bbox 846 3143 973 3207; x_wconf 89' lang='lat' dir='ltr'><strong>milites</strong></span> <span class='ocrx_word' id='word_1_177' title='bbox 1004 3150 1125 3208; x_wconf 90' lang='lat' dir='ltr'><strong>contra</strong></span> <span class='ocrx_word' id='word_1_178' title='bbox 1157 3160 1271 3207; x_wconf 81' lang='lat' dir='ltr'><strong>sexa·</strong></span> 
     </span>
     <span class='ocr_line' id='line_1_29' title="bbox 314 3238 1269 3326; baseline 0.006 -26"><span class='ocrx_word' id='word_1_179' title='bbox 314 3238 412 3318; x_wconf 89' lang='lat' dir='ltr'><strong>ginta</strong></span> <span class='ocrx_word' id='word_1_180' title='bbox 442 3240 509 3303; x_wconf 92' lang='lat' dir='ltr'><strong>duo</strong></span> <span class='ocrx_word' id='word_1_181' title='bbox 540 3241 648 3304; x_wconf 88' lang='lat' dir='ltr'><strong>millia</strong></span> <span class='ocrx_word' id='word_1_182' title='bbox 678 3241 748 3305; x_wconf 85' lang='lat' dir='ltr'><strong>fere</strong></span> <span class='ocrx_word' id='word_1_183' title='bbox 777 3263 838 3326; x_wconf 92' lang='lat' dir='ltr'><strong>per</strong></span> <span class='ocrx_word' id='word_1_184' title='bbox 870 3250 979 3308; x_wconf 90' lang='lat' dir='ltr'><strong>totum</strong></span> <span class='ocrx_word' id='word_1_185' title='bbox 1011 3243 1079 3306; x_wconf 91' lang='lat' dir='ltr'><strong>diei</strong></span> <span class='ocrx_word' id='word_1_186' title='bbox 1108 3241 1269 3325; x_wconf 91' lang='lat' dir='ltr'><strong>spatium</strong></span> 
     </span>
     <span class='ocr_line' id='line_1_30' title="bbox 315 3336 1267 3424; baseline 0.007 -25"><span class='ocrx_word' id='word_1_187' title='bbox 315 3336 365 3400; x_wconf 90' lang='lat' dir='ltr'><strong>ita</strong></span> <span class='ocrx_word' id='word_1_188' title='bbox 387 3337 664 3420; x_wconf 87' lang='lat' dir='ltr'><strong>insuperabiliter</strong></span> <span class='ocrx_word' id='word_1_189' title='bbox 689 3342 843 3423; x_wconf 89' lang='lat' dir='ltr'><strong>potuisse</strong></span> <span class='ocrx_word' id='word_1_190' title='bbox 868 3343 1044 3424; x_wconf 87' lang='lat' dir='ltr'><strong>congredi,</strong></span> <span class='ocrx_word' id='word_1_191' title='bbox 1071 3349 1124 3406; x_wconf 94' lang='lat' dir='ltr'><strong>tot</strong></span> <span class='ocrx_word' id='word_1_192' title='bbox 1149 3341 1267 3421; x_wconf 60' lang='lat' dir='ltr'><strong>missi</strong></span> 
     </span>
     <span class='ocr_line' id='line_1_31' title="bbox 314 3435 1270 3523; baseline 0.006 -25"><span class='ocrx_word' id='word_1_193' title='bbox 314 3435 398 3499; x_wconf 90' lang='lat' dir='ltr'><strong>lium</strong></span> <span class='ocrx_word' id='word_1_194' title='bbox 417 3438 541 3501; x_wconf 89' lang='lat' dir='ltr'><strong>ictibus</strong></span> <span class='ocrx_word' id='word_1_195' title='bbox 565 3438 696 3520; x_wconf 89' lang='lat' dir='ltr'><strong>impeti,</strong></span> <span class='ocrx_word' id='word_1_196' title='bbox 719 3447 773 3506; x_wconf 88' lang='lat' dir='ltr'><strong>tot</strong></span> <span class='ocrx_word' id='word_1_197' title='bbox 795 3440 923 3523; x_wconf 89' lang='lat' dir='ltr'><strong>jaculis</strong></span> <span class='ocrx_word' id='word_1_198' title='bbox 946 3442 1108 3518; x_wconf 89' lang='lat' dir='ltr'><strong>lanceari,</strong></span> <span class='ocrx_word' id='word_1_199' title='bbox 1129 3446 1170 3503; x_wconf 91' lang='lat' dir='ltr'><strong>nt</strong></span> <span class='ocrx_word' id='word_1_200' title='bbox 1191 3460 1270 3504; x_wconf 90' lang='lat' dir='ltr'><strong>non</strong></span> 
     </span>
     <span class='ocr_line' id='line_1_32' title="bbox 314 3535 1269 3623; baseline 0.008 -26"><span class='ocrx_word' id='word_1_201' title='bbox 314 3535 425 3599; x_wconf 92' lang='lat' dir='ltr'><strong>solum</strong></span> <span class='ocrx_word' id='word_1_202' title='bbox 443 3536 543 3599; x_wconf 88' lang='lat' dir='ltr'><strong>illaesi</strong></span> <span class='ocrx_word' id='word_1_203' title='bbox 561 3537 757 3616; x_wconf 89' lang='lat' dir='ltr'><strong>evaderent,</strong></span> <span class='ocrx_word' id='word_1_204' title='bbox 778 3540 838 3603; x_wconf 93' lang='lat' dir='ltr'><strong>sed</strong></span> <span class='ocrx_word' id='word_1_205' title='bbox 858 3561 920 3605; x_wconf 92' lang='lat' dir='ltr'><strong>nec</strong></span> <span class='ocrx_word' id='word_1_206' title='bbox 939 3560 961 3604; x_wconf 90' lang='lat' dir='ltr'><strong>a</strong></span> <span class='ocrx_word' id='word_1_207' title='bbox 979 3541 1090 3623; x_wconf 91' lang='lat' dir='ltr'><strong>prima</strong></span> <span class='ocrx_word' id='word_1_208' title='bbox 1109 3540 1269 3605; x_wconf 87' lang='lat' dir='ltr'><strong>statione</strong></span> 
     </span>
     <span class='ocr_line' id='line_1_33' title="bbox 314 3636 1270 3720; baseline 0.008 -25"><span class='ocrx_word' id='word_1_209' title='bbox 314 3652 461 3717; x_wconf 90' lang='lat' dir='ltr'><strong>suaper</strong></span> <span class='ocrx_word' id='word_1_210' title='bbox 483 3636 584 3700; x_wconf 90' lang='lat' dir='ltr'><strong>unius</strong></span> <span class='ocrx_word' id='word_1_211' title='bbox 601 3636 697 3719; x_wconf 90' lang='lat' dir='ltr'><strong>pedis</strong></span> <span class='ocrx_word' id='word_1_212' title='bbox 719 3639 869 3720; x_wconf 89' lang='lat' dir='ltr'><strong>spatium</strong></span> <span class='ocrx_word' id='word_1_213' title='bbox 889 3640 1154 3715; x_wconf 90' lang='lat' dir='ltr'><strong>retrocederent,</strong></span> <span class='ocrx_word' id='word_1_214' title='bbox 1177 3639 1270 3718; x_wconf 94' lang='lat' dir='ltr'><strong>quin</strong></span> 
     </span>
     <span class='ocr_line' id='line_1_34' title="bbox 316 3733 1270 3820; baseline 0.008 -26"><span class='ocrx_word' id='word_1_215' title='bbox 316 3739 351 3795; x_wconf 91' lang='lat' dir='ltr'><strong>et</strong></span> <span class='ocrx_word' id='word_1_216' title='bbox 381 3733 594 3799; x_wconf 88' lang='lat' dir='ltr'><strong>adversarios</strong></span> <span class='ocrx_word' id='word_1_217' title='bbox 627 3737 779 3820; x_wconf 89' lang='lat' dir='ltr'><strong>undique</strong></span> <span class='ocrx_word' id='word_1_218' title='bbox 812 3738 1048 3820; x_wconf 89' lang='lat' dir='ltr'><strong>profligarent,</strong></span> <span class='ocrx_word' id='word_1_219' title='bbox 1076 3739 1193 3801; x_wconf 86' lang='lat' dir='ltr'><strong>laetam</strong></span> <span class='ocrx_word' id='word_1_220' title='bbox 1227 3745 1270 3803; x_wconf 87' lang='lat' dir='ltr'><strong>et</strong></span> 
     </span>
     <span class='ocr_line' id='line_1_35' title="bbox 315 3830 1269 3918; baseline 0.008 -26"><span class='ocrx_word' id='word_1_221' title='bbox 315 3830 528 3913; x_wconf 84' lang='lat' dir='ltr'><strong>inopinatam</strong></span> <span class='ocrx_word' id='word_1_222' title='bbox 551 3835 742 3913; x_wconf 91' lang='lat' dir='ltr'><strong>victoriam,</strong></span> <span class='ocrx_word' id='word_1_223' title='bbox 764 3835 894 3918; x_wconf 87' lang='lat' dir='ltr'><strong>fugatis</strong></span> <span class='ocrx_word' id='word_1_224' title='bbox 917 3838 1085 3914; x_wconf 91' lang='lat' dir='ltr'><strong>hostibus,</strong></span> <span class='ocrx_word' id='word_1_225' title='bbox 1108 3842 1269 3918; x_wconf 89' lang='lat' dir='ltr'><strong>reporta-</strong></span> 
     </span>
    </p>
   </div>
   <div class='ocr_carea' id='block_1_3' title="bbox 266 4002 1271 4214">
    <p class='ocr_par' dir='ltr' id='par_1_3' title="bbox 266 4002 1271 4214">
     <span class='ocr_line' id='line_1_36' title="bbox 351 4002 1271 4076; baseline 0.012 -23"><span class='ocrx_word' id='word_1_226' title='bbox 351 4002 421 4055; x_wconf 86' lang='lat' dir='ltr'><strong>¹Nec</strong></span> <span class='ocrx_word' id='word_1_227' title='bbox 432 4010 519 4072; x_wconf 72' lang='lat' dir='ltr'><strong>mora]</strong></span> <span class='ocrx_word' id='word_1_228' title='bbox 532 4009 690 4072; x_wconf 71' lang='lat' dir='ltr'><strong>coggeshala</strong></span> <span class='ocrx_word' id='word_1_229' title='bbox 703 4012 773 4072; x_wconf 88' lang='lat' dir='ltr'><strong>gives</strong></span> <span class='ocrx_word' id='word_1_230' title='bbox 800 4013 826 4059; x_wconf 92' lang='lat' dir='ltr'><strong>in</strong></span> <span class='ocrx_word' id='word_1_231' title='bbox 837 4012 887 4060; x_wconf 91' lang='lat' dir='ltr'><strong>this</strong></span> <span class='ocrx_word' id='word_1_232' title='bbox 899 4017 1073 4076; x_wconf 81' lang='lat' dir='ltr'><strong>engagement,</strong></span> <span class='ocrx_word' id='word_1_233' title='bbox 1083 4013 1145 4061; x_wconf 80' lang='lat' dir='ltr'><strong>from</strong></span> <span class='ocrx_word' id='word_1_234' title='bbox 1158 4028 1191 4062; x_wconf 86' lang='lat' dir='ltr'><strong>au</strong></span> <span class='ocrx_word' id='word_1_235' title='bbox 1205 4030 1271 4076; x_wconf 85' lang='lat' dir='ltr'><strong>eye·</strong></span> 
     </span>
     <span class='ocr_line' id='line_1_37' title="bbox 315 4075 1121 4140; baseline 0.011 -19"><span class='ocrx_word' id='word_1_236' title='bbox 315 4075 400 4136; x_wconf 85' lang='lat' dir='ltr'><strong>along</strong></span> <span class='ocrx_word' id='word_1_237' title='bbox 411 4077 462 4124; x_wconf 84' lang='lat' dir='ltr'><strong>and</strong></span> <span class='ocrx_word' id='word_1_238' title='bbox 472 4078 619 4140; x_wconf 86' lang='lat' dir='ltr'><strong>interesting</strong></span> <span class='ocrx_word' id='word_1_239' title='bbox 630 4084 738 4129; x_wconf 86' lang='lat' dir='ltr'><strong>account</strong></span> <span class='ocrx_word' id='word_1_240' title='bbox 747 4081 776 4128; x_wconf 83' lang='lat' dir='ltr'><strong>oi</strong></span> <span class='ocrx_word' id='word_1_241' title='bbox 798 4082 919 4140; x_wconf 85' lang='lat' dir='ltr'><strong>witness;</strong></span> <span class='ocrx_word' id='word_1_242' title='bbox 935 4083 993 4133; x_wconf 89' lang='lat' dir='ltr'><strong>coll.</strong></span> <span class='ocrx_word' id='word_1_243' title='bbox 1004 4086 1121 4132; x_wconf 76' lang='lat' dir='ltr'><strong>sas-828.</strong></span> 
     </span>
     <span class='ocr_line' id='line_1_38' title="bbox 266 4144 1192 4214; baseline 0.012 -24"><span class='ocrx_word' id='word_1_244' title='bbox 266 4197 268 4203; x_wconf 54' lang='grc'>,</span> <span class='ocrx_word' id='word_1_245' title='bbox 315 4144 357 4192; x_wconf 91' lang='lat' dir='ltr'><strong>the</strong></span> <span class='ocrx_word' id='word_1_246' title='bbox 374 4147 469 4205; x_wconf 86' lang='lat' dir='ltr'><strong>gallant</strong></span> <span class='ocrx_word' id='word_1_247' title='bbox 488 4147 596 4196; x_wconf 90' lang='lat' dir='ltr'><strong>conduct</strong></span> <span class='ocrx_word' id='word_1_248' title='bbox 615 4149 644 4197; x_wconf 85' lang='lat' dir='ltr'><strong>oi</strong></span> <span class='ocrx_word' id='word_1_249' title='bbox 662 4150 773 4198; x_wconf 82' lang='lat' dir='ltr'><strong>Richard</strong></span> <span class='ocrx_word' id='word_1_250' title='bbox 834 4147 977 4214; x_wconf 55' lang='grc' dir='ltr'><strong>πΡαςαπὶ.]</strong></span> <span class='ocrx_word' id='word_1_251' title='bbox 995 4151 1062 4202; x_wconf 93' lang='lat' dir='ltr'><strong>Ibid.</strong></span> <span class='ocrx_word' id='word_1_252' title='bbox 1074 4151 1122 4202; x_wconf 89' lang='lat' dir='ltr'><strong>col.</strong></span> <span class='ocrx_word' id='word_1_253' title='bbox 1133 4155 1192 4201; x_wconf 82' lang='grc'><strong>828.</strong></span> 
     </span>
    </p>
   </div>
   <div class='ocr_carea' id='block_1_4' title="bbox 0 0 1445 4876">
    <p class='ocr_par' dir='ltr' id='par_1_4' title="bbox 0 0 1445 4876">
     <span class='ocr_line' id='line_1_39' title="bbox 0 0 1445 4876; baseline 0 0"><span class='ocrx_word' id='word_1_254' title='bbox 0 0 1445 4876; x_wconf 95' lang='lat' dir='ltr'><strong> </strong></span> 
     </span>
    </p>
   </div>
  </div>
 </body>
</html>
