2858 4876
308 391 374 456 296
564 405 698 454 uocum
722 405 770 451 nn
798 401 1006 452 wuunovun

149 577 272 619 A·1>·12¹⁵-
310 588 426 650 regem
462 567 587 631 ibidem
624 567 814 650 supradicti
849 571 1030 648 magnates
1062 566 1098 629 in
1133 565 1265 630 lascivo

310 667 397 732 satis
415 675 586 750 apparatu
609 668 763 744 militari,
787 667 960 749 petierunt
977 665 1147 748 quasdam
1165 664 1265 729 liber·

312 775 403 832 tates
425 775 460 832 et
476 769 570 850 leges
594 768 685 848 regis
708 765 893 831 Eadwardi
917 785 995 828 cum
1023 765 1100 828 aliis
1122 764 1265 829 liberta·

311 869 416 945 tibus,
445 869 510 931 sibi
539 875 574 932 et
597 886 704 947 regno
728 866 867 948 Angliae
894 873 929 929 et
952 864 1109 929 ecclesiae
1137 862 1264 946 Angli·

312 987 409 1031 canae
436 967 621 1043 concessiS,
643 966 850 1042 confirmari,
880 972 984 1047 prout
1008 965 1044 1027 in
1068 964 1191 1029 charta
1212 986 1264 1030 re-

312 1069 367 1148 gis
389 1067 534 1130 Henrici
554 1066 655 1149 primi
674 1073 711 1130 et
726 1066 861 1147 legibus
880 1063 1058 1147 praedictis
1078 1065 1264 1147 adscriptae

312 1168 555 1246 continentur;
581 1167 782 1231 asserebant
800 1172 980 1248 praeterea,
1000 1165 1093 1246 quod
1109 1170 1265 1247 tempore

313 1286 387 1332 suae
407 1267 636 1330 absolutionis
656 1265 746 1348 apud
769 1264 984 1329 Wintoniam
1008 1265 1086 1328 illas
1110 1265 1205 1346 leges
1229 1274 1265 1330 et

312 1366 490 1430 libertates
516 1366 678 1447 antiquas
699 1366 905 1447 promiserat
925 1371 960 1428 et
980 1364 1025 1428 ad
1050 1366 1264 1430 observatio-

313 1485 391 1529 nem
410 1485 530 1529 earum
549 1467 595 1530 sit
610 1465 784 1546 obligatus
804 1483 865 1547 per
887 1464 1064 1546 proprium
1082 1465 1263 1549 juramen·

313 1571 399 1629 tum.
451 1564 608 1630 Audiens
636 1572 752 1629 autem
775 1584 837 1628 rex
859 1564 1025 1628 baronum
1048 1565 1083 1628 in
1111 1564 1177 1630 hac
1200 1586 1263 1630 ex-

313 1665 449 1729 actione
474 1667 718 1742 constantiam,
746 1664 922 1728 metuebat
943 1683 1047 1747 quam
1075 1665 1262 1747 plurimum

312 1764 478 1847 impetum
501 1784 631 1842 eorum,
649 1785 736 1847 quos
752 1764 840 1829 vidit
857 1770 999 1847 paratos
1019 1765 1063 1827 ad
1080 1765 1261 1848 praelium3

312 1865 503 1947 respondit,
526 1885 688 1946 magnam
708 1884 784 1928 esse
813 1883 884 1927 rem
906 1871 940 1929 et
962 1863 1132 1928 difficilem
1156 1885 1261 1947 quam

312 1966 488 2046 petebant,
524 1965 613 2029 unde
652 1965 853 2048 postulabat
881 1964 1037 2027 inducias
1072 1984 1183 2048 usque
1217 1968 1260 2031 ad

312 2064 466 2128 clausum
485 2063 633 2142 Pascba,
650 2072 700 2141 ut,
724 2065 843 2128 habita
863 2062 1121 2142 deliberatione,
1142 2074 1177 2130 et
1195 2068 1261 2131 sibi

312 2172 346 2227 et
364 2184 500 2228 coronae
520 2184 593 2228 suae
615 2166 725 2248 possit
745 2165 945 2228 satisfacere
965 2164 1138 2245 dignitati.
1192 2166 1259 2232 Sed

311 2264 464 2341 tandem,
480 2265 597 2329 multis
619 2265 697 2328 hinc
718 2271 755 2329 et
772 2264 852 2327 inde
869 2265 1069 2347 propositis,
1088 2285 1160 2342 rex,
1179 2266 1261 2333 lic'et

311 2361 451 2440 invituS,
478 2363 773 2447 archiepiscopum
803 2363 1101 2441 Cantuarieusem,
1126 2367 1260 2448 episco-

310 2481 393 2544 pum
413 2464 585 2528 Eliensem
604 2470 638 2528 et
653 2464 867 2529 Willelmum
890 2463 1159 2528 Marescballum
1177 2467 1262 2532 fide·

306 2561 463 2645 jussores
485 2564 629 2640 invenit,
653 2564 745 2646 quod
767 2563 823 2627 die
846 2564 1001 2646 praefixo,
1027 2565 1162 2629 ratione
1189 2587 1260 2631 me·

310 2661 439 2739 diante,
469 2663 686 2727 satisfaceret
712 2664 905 2741 universis3
940 2683 1009 2745 quo
1031 2663 1136 2743 facto,
1165 2686 1260 2749 mag-

309 2768 410 2825 nates
435 2762 477 2825 ad
504 2764 643 2846 propria
665 2770 749 2827 sunt
770 2764 911 2837 reversi.
965 2762 1044 2827 Rex
1068 2772 1182 2829 autem
1207 2768 1260 2831 in·

309 2860 421 2938 terim,
445 2863 565 2926 volens
594 2864 659 2927 sibi
684 2883 881 2946 praecavere
907 2864 942 2926 in
968 2870 1156 2947 posterum,
1178 2865 1262 2932 fecit

308 2960 375 3022 sibi
401 2962 465 3025 soli
495 2971 615 3027 contra
644 2983 761 3027 omnes
791 2962 944 3026 homines
967 2963 1169 3029 fidelitatem
1197 2987 1260 3048 per

309 3066 418 3124 totam
441 3063 603 3144 Angliam
621 3063 741 3145 jurare
763 3069 798 3126 et
813 3062 976 3144 homagia
999 3083 1186 3145 renovare3
1212 3076 1259 3144 et,

308 3166 347 3223 ut
374 3162 439 3225 sibi
469 3161 591 3224 melius
617 3163 826 3251 provideret,
858 3164 893 3226 in
922 3163 976 3226 die
1004 3163 1257 3246 purificationis

307 3259 418 3324 beatae
449 3261 585 3337 Mariae,
613 3280 749 3335 crucem
773 3261 914 3327 Domini
942 3265 1105 3345 suscepit,
1132 3265 1258 3331 timore

305 3359 548 3441 potiusquam
573 3360 757 3425 devotione
782 3361 956 3427 inductus.
1008 3363 1139 3428 Eodem
1162 3386 1257 3432 anno

306 3457 524 3538 EustachiuS‚
552 3460 702 3524 Eliensis
733 3462 928 3544 episcopus,
954 3463 1008 3527 vir
1034 3470 1106 3527 tam
1137 3465 1257 3532 diviua

304 3575 406 3637 quam
425 3558 575 3624 bumana
595 3560 750 3624 eruditus
769 3562 925 3638 scientia,
943 3563 1034 3646 apud
1054 3563 1256 3648 Radingum

303 3657 394 3719 viam
412 3659 583 3723 universae
599 3662 711 3723 carnis
727 3662 904 3742 ingressus
920 3671 982 3726 est.

299 3829 347 3878 tito
361 3833 444 3879 tamen
460 3831 531 3890 prius
548 3846 565 3879 a
581 3832 654 3881 nobis
670 3836 695 3881 et
711 3833 763 3881 bae·
788 3833 842 3882 bull
869 3834 897 3883 of
922 3835 963 3885 tbe
991 3851 1057 3898 pope
1079 3840 1253 3904 confirmatory

299 3899 403 3948 sedibus
418 3902 510 3949 nostris
525 3902 629 3950 licentia
643 3902 762 3964 eligendi,
787 3903 817 3952 of
835 3903 886 3952 this
908 3905 1007 3956 charter
1025 3907 1048 3956 is
1071 3907 1097 3956 in
1119 3908 1161 3959 tbe
1186 3925 1254 3973 page

299 3983 375 4030 quam
392 3984 441 4018 non
458 3971 639 4032 denegabimus
656 3987 702 4021 nec
713 3973 761 4021 dif·
787 3973 925 4037 following.

298 4037 408 4089 feremus
419 4035 438 4101 ;’
455 4041 558 4104 Rymer‚
574 4056 601 4103 p.
616 4045 671 4093 126.
707 4043 760 4091 'l'he
