2858 4876
428 400 567 448 sensns
591 401 860 451 Hrsronmnnrr.
1053 387 1120 452 255

166 559 189 622 J
192 559 357 638 ohannes,
376 561 443 624 Dei
459 562 573 643 gratia
589 580 652 625 rex
668 560 806 644 Angliae
822 570 857 626 et
873 561 1032 626 dominus
1049 562 1254 626 Hi.r.o.121³.

166 660 306 737 herniae,
322 663 366 724 ab
388 661 454 725 hac
476 661 563 724 hora
585 668 620 726 et
637 661 673 724 in
696 669 801 725 antea
823 662 934 725 fidelis
958 682 1017 726 ero
1040 662 1118 726 Deo

167 767 203 822 et
221 762 323 824 beato
344 761 451 824 Petro
473 769 508 825 et
530 761 685 825 ecclesiae
715 761 897 837 Romanae,
920 768 957 826 et
979 762 1119 827 domino

167 879 244 924 meo
263 879 365 942 papae
388 860 527 925 domino
548 860 755 925 Innocentio
778 861 922 944 ejusque
944 881 1119 926 successo·

167 958 261 1022 ribus
293 959 462 1024 catholice
486 961 707 1025 intrantibus
764 959 846 1023 Non
871 980 931 1024 ero
954 961 1117 1038 infacto,

166 1057 202 1120 in
220 1058 325 1136 dicto,
343 1079 513 1123 consensu
529 1059 584 1124 vel
608 1059 763 1136 consilio,
783 1067 823 1124 ut
840 1061 948 1124 vitam
970 1061 1119 1141 perdant

168 1157 222 1221 vel
241 1160 406 1236 membra,
426 1158 483 1223 vel
507 1159 600 1222 mala
618 1159 777 1241 captione
805 1160 997 1241 capiantur.
1050 1159 1119 1225 Eo·

167 1277 244 1320 rum
267 1257 440 1335 damnum,
458 1258 489 1322 si
511 1259 657 1336 scivero,
678 1258 861 1341 impediam
889 1267 925 1322 et
941 1277 1118 1323 remanere

165 1356 291 1420 faciam
308 1357 339 1421 si
355 1367 499 1441 potero;
523 1359 677 1439 alioquin
695 1359 745 1421 eis
757 1378 861 1441 quam
874 1359 976 1424 citius
994 1366 1117 1441 potero

166 1457 346 1535 intimabo,
361 1457 418 1522 vel
437 1458 500 1522 tali
519 1477 676 1540 personae
696 1458 821 1534 dicam,
842 1477 944 1539 quam
971 1458 1020 1521 eis
1043 1478 1116 1522 cre-

167 1555 247 1620 dam
274 1565 454 1640 procerte
477 1557 668 1634 dicturam3
700 1558 893 1635 consilium,
917 1558 1009 1639 quod
1032 1559 1116 1623 mihi

167 1656 373 1722 crediderint
393 1676 456 1740 per·
475 1677 513 1720 se
530 1657 586 1721 vel
610 1677 673 1740 per
688 1658 828 1722 nuntios
851 1677 933 1722 suos
957 1677 1019 1721 seu
1039 1658 1115 1722 lite-

166 1775 224 1820 ras
241 1775 336 1834 suas,
358 1765 528 1821 secretum
545 1759 682 1834 tenebo,
704 1765 740 1821 et
757 1758 801 1821 ad
819 1776 935 1821 eorum
954 1757 1116 1821 damnum

166 1856 253 1919 nulli
280 1856 443 1939 pandam,
476 1877 531 1920 me
561 1859 719 1935 sciente3
753 1858 995 1939 patrimonium
1023 1859 1116 1923 beati

168 1954 278 2034 Petri,
301 1964 336 2021 et
357 1957 555 2040 specialiter
579 1975 725 2039 regnum
751 1954 892 2039 Angliae
914 1965 950 2021 et
971 1977 1115 2039 regnum

168 2055 360 2135 Hiberniae,
382 2057 522 2140 adjutor
543 2076 602 2120 ero
617 2057 662 2119 ad
684 2055 868 2120 tenendum
883 2064 918 2120 et
933 2056 1116 2120 defenden-

167 2155 249 2220 dum
264 2163 384 2221 contra
401 2176 520 2221 omnes
539 2156 694 2220 homines
717 2176 780 2239 pro
802 2176 904 2238 posse
918 2176 1006 2220 meo.
1058 2157 1116 2220 Sic

167 2275 223 2320 me
240 2255 383 2340 adjuvet
396 2257 493 2320 Deus
510 2264 545 2320 et
559 2257 635 2320 haec
648 2263 771 2320 sancta
787 2255 979 2338 evangelia,
991 2257 1116 2320 amen.'

167 2353 263 2420 Aeta
278 2363 394 2420 autem
411 2363 493 2422 sunt
516 2357 600 2434 haec,
616 2365 657 2422 ut
678 2356 881 2439 praedictum
896 2363 960 2432 est,
976 2356 1012 2419 in
1028 2356 1116 2437 vigi-

165 2454 215 2519 lia
230 2455 423 2521 Dominicae
438 2458 661 2533 ascensionis,
683 2456 911 2539 praesentibus
933 2456 1115 2538 episcopiS,

167 2555 352 2619 comitibus
378 2562 414 2619 et
436 2558 657 2636 magnatibus
684 2553 903 2637 supradictis.
955 2554 1117 2619 Instabat

166 2662 285 2719 antem
296 2654 369 2718 dies
377 2654 589 2718 ascensionis
602 2655 744 2718 Domini
757 2654 793 2718 in
805 2655 968 2730 crastino,
978 2654 1115 2719 futurus

167 2773 238 2818 non
255 2753 366 2818 solum
381 2755 467 2836 regi,
484 2753 594 2818 sedet
609 2754 687 2817 aliis
702 2755 859 2817 omnihus
876 2762 949 2818 tam
964 2755 1115 2818 absenti-

168 2855 234 2918 bus
258 2872 361 2935 quam
388 2854 629 2937 praesentibus,
647 2853 750 2916 nimis
774 2861 956 2935 suspectus
976 2861 1116 2935 propter

166 2953 376 3017 assertiones
403 2953 500 3018 Petri
528 2953 716 3028 heremitae,
750 2953 822 3034 qui,
848 2960 888 3016 ut
913 2953 1115 3035 praedictum

167 3060 234 3130 est,
251 3051 359 3116 eidem
374 3054 448 3135 regi
465 3055 745 3136 prophetaverat,
760 3053 852 3134 quod
868 3052 904 3114 in
924 3051 979 3115 die
995 3071 1115 3115 ascen-

166 3151 275 3216 sionis
285 3152 439 3231 Domini,
448 3173 512 3217 nec
523 3153 695 3235 deinceps,
705 3159 780 3216 erat
794 3171 856 3214 rex
870 3150 1023 3227 futurus;
1042 3153 1115 3229 sed,

165 3271 243 3316 cum
260 3251 349 3315 diem
366 3253 548 3334 praefixum
564 3272 669 3317 sanus
687 3260 722 3316 et
739 3251 920 3314 incolumis
942 3250 1115 3333 praeteris-

165 3359 232 3428 set,
251 3349 393 3414 Petrum
416 3352 610 3434 praefatum,
624 3353 683 3434 qui
702 3352 738 3414 in
760 3350 903 3414 castello
918 3350 960 3413 dc
975 3348 1064 3413 Corf
1080 3351 1115 3413 in

167 3451 314 3516 vinculis
345 3453 541 3529 tenebatur,
569 3452 676 3536 jussit
703 3470 766 3514 rex
798 3450 917 3513 caudis
949 3469 1113 3531 equorum

165 3550 347 3632 alligatum
382 3551 426 3614 ad
458 3550 576 3615 villam
610 3551 652 3615 de
681 3550 848 3615 Warham
886 3569 948 3630 per
980 3550 1115 3632 plateas

164 3649 258 3714 trahi
287 3657 323 3713 et
347 3650 474 3714 ibidem
500 3671 577 3714 cum
603 3650 674 3714 filio
703 3650 856 3733 ejusdem
886 3649 984 3712 Petri
1009 3643 1115 3731 ¹pati-

164 3750 247 3814 bulo
270 3750 456 3831 suspendi3
488 3750 578 3813 unde
592 3751 709 3813 multis
726 3750 908 3813 videbatur
932 3749 1113 3830 indignum

164 3850 256 3933 qnod
279 3857 350 3914 tam
373 3850 504 3914 crudeli
526 3857 635 3913 morte
657 3869 719 3931 pro
742 3850 932 3913 assertione
957 3849 1113 3912 veritatis

201 4049 336 4101 ¹Potibulo
356 4050 495 4115 suspendi]
515 4051 628 4099 ‘Petrus
654 4051 846 4112 vaticinabatur,
854 4048 1114 4111 ipsoregemandente

163 4125 197 4175 de
208 4122 380 4183 Pontefracto,
390 4123 434 4183 qui
449 4121 476 4170 in
492 4135 576 4183 regem
590 4120 628 4168 ul·
654 4135 792 4182 suspensus
803 4121 864 4180 θεῖς’
875 4119 1043 4181 Coggeshale,
1052 4119 1115 4167 Rec.

163 4195 243 4244 terius
265 4207 315 4242 non
333 4196 496 4254 regnaturum
517 4191 549 4240 ab
567 4191 626 4239 olim
653 4191 699 4239 des
712 4191 781 4241 Hist.
793 4191 865 4242 xviii.
878 4193 935 4239 106.
