2858 4876
344 386 409 450 156
593 403 729 450 nonani
755 404 801 449 nn
824 403 1033 451 wnunovnn

184 574 307 663 infirm
345 559 498 636 mariniS,
524 556 712 623 Londoniis
736 559 826 641 apud
848 559 962 624 Vetus
978 559 1163 641 Templum
1192 577 1295 640 quar·

185 676 293 764 pipp&
345 660 437 722 tanis
461 658 612 722 febribus
638 660 792 740 graviter
817 659 1011 723 infirmatus
1039 658 1171 722 decimo
1195 665 1296 722 sexto

184 736 280 815 arnob.
344 757 511 823 kalendas
532 759 733 822 Decembris
754 759 937 822 laudabilis
958 759 1039 823 vitae
1062 777 1201 822 cursum
1221 757 1297 839 glo·

345 859 437 921 rioso
452 857 520 921 fine
535 858 720 941 complevit
733 879 742 937 ;
758 858 860 942 cujus
876 860 967 922 inter
981 859 1137 923 homines
1154 864 1296 922 conver-

344 959 434 1021 satio
457 965 591 1035 sancta,
614 978 692 1041 quae
718 959 920 1022 mortalibus
944 966 979 1023 et
1000 959 1198 1022 informatio
1226 977 1298 1021 mo·

344 1077 421 1120 rum
445 1059 581 1122 exstitit
601 1066 637 1122 et
654 1058 851 1140 exemplum
873 1059 941 1140 piae
963 1059 1121 1136 actionis,
1145 1057 1296 1139 compel-

345 1157 386 1221 lit
402 1164 440 1221 ut
457 1157 500 1221 de
514 1177 556 1221 eo
572 1158 627 1223 vel
642 1177 755 1240 pauca
768 1157 847 1221 huic
863 1158 959 1240 operi
974 1159 1177 1222 inseramus.
1225 1157 1296 1221 Hic

336 1257 399 1341 ¹vir
414 1265 567 1331 sanctus,
578 1258 614 1322 in
629 1259 768 1322 remotis
783 1258 994 1340 Burgundiae
1010 1259 1167 1340 partibus
1183 1257 1297 1320 oriun-

344 1357 422 1434 dus,
438 1358 590 1421 moribus
607 1358 732 1421 clarior
746 1377 850 1441 quam
866 1359 1045 1439 parentela
1061 1357 1208 1433 refulsit,
1224 1358 1297 1439 qui,

345 1458 389 1521 ab
418 1458 517 1520 annis
547 1457 736 1539 puerilibus
766 1458 889 1520 studiis
920 1458 1097 1522 literarum
1126 1457 1297 1533 addictuS,

339 1557 506 1632 decennis
536 1557 677 1622 effectus
706 1557 881 1621 canonicis
904 1558 1120 1639 regularibus
1146 1556 1295 1622 traditur

345 1655 537 1739 disciplinis
562 1658 757 1721 caelestibus
782 1654 1072 1741 [informandus];
1095 1658 1186 1720 inter
1210 1676 1297 1738 quos

346 1765 417 1819 tam
444 1756 596 1820 moribus
620 1776 725 1839 quam
747 1756 892 1821 scientia
919 1745 1124 1839 regulariter
1143 1757 1296 1820 imbutus

346 1864 426 1938 post
441 1857 607 1920 circulum
633 1857 781 1921 sedecim
800 1877 968 1921 annorum
990 1859 1025 1921 in
1042 1857 1190 1940 quadam
1208 1857 1297 1920 cella

346 1955 494 2020 officium
523 1956 647 2038 prioris
679 1959 843 2039 suscepit,
874 1957 944 2034 ubi,
974 1978 1052 2021 cum
1078 1966 1203 2021 cuncta
1230 1957 1296 2020 sibi

346 2075 509 2138 prospere
547 2056 806 2133 successissent,
840 2057 991 2121 lubricos
1029 2056 1143 2121 carnis
1181 2064 1296 2120 motus

346 2155 469 2219 fortius
496 2156 654 2220 cohibere
680 2157 866 2220 decernens
894 2158 937 2220 ad
963 2158 1117 2247 ordinem
1146 2156 1296 2220 Carthu·

346 2257 506 2332 siensem,
530 2256 681 2320 Domino
704 2257 918 2339 disponente,
937 2257 1121 2336 transivit;
1148 2276 1295 2338 cumque

348 2375 385 2419 se
399 2357 584 2437 benignum
600 2356 726 2419 ibidem
739 2358 873 2421 cunctis
886 2366 921 2420 et
938 2357 1120 2434 affabilem,
1136 2357 1297 2437 religiosa

347 2456 522 2537 gravitate
539 2463 691 2533 servata,
711 2457 901 2535 exhiberet,
919 2457 1053 2522 modico
1075 2458 1193 2539 elapso
1212 2465 1297 2520 tern-

347 2576 430 2638 pore
452 2557 560 2621 t0tius
581 2557 704 2620 domus
726 2557 867 2620 effectus
893 2567 947 2621 est
968 2565 1181 2639 procurator.
1237 2556 1298 2619 In-

349 2663 455 2733 terea,
476 2676 554 2719 cum
574 2656 719 2721 illustris
739 2655 933 2738 Anglorum'
953 2676 1014 2720 rex
1038 2656 1212 2720 Henricus
1235 2657 1295 2719 d0·

347 2775 440 2817 mum
469 2755 642 2837 quandam
670 2756 925 2821 carthusiensis
954 2756 1082 2820 ordinis
1108 2757 1143 2818 in
1165 2756 1296 2838 Anglia

347 2855 612 2932 construxisset,
632 2857 690 2938 qui
708 2857 773 2920 viri
800 2856 866 2920 Dei
886 2857 1135 2938 promotionem
1160 2857 1296 2919 ardenti

346 2953 516 3017 desiderio
538 2955 690 3032 sitiebat,
718 2957 778 3021 vix
805 2957 965 3038 precibus
998 2956 1156 3033 obtinuit,
1184 2963 1224 3020 ut
1252 2955 1295 3018 ad

346 3054 499 3134 regimen
529 3054 622 3117 illius
650 3056 772 3119 domus
805 3056 955 3119 animum
986 3056 1062 3140 ejus
1089 3056 1296 3134 inclinaret;

346 3172 492 3236 cumque
521 3155 566 3217 ad
597 3156 771 3237 prioratus
805 3155 954 3218 officium
988 3163 1131 3220 vocatus
1161 3155 1296 3232 fuisset,

345 3254 496 3340 priorem¹
513 3256 734 3318 sanctitatem
753 3254 863 3319 indies
885 3254 1019 3320 studuit
1034 3255 1212 3337 ampliare,
1232 3274 1296 3317 un-

344 3352 388 3416 de
411 3354 503 3434 regis
530 3356 691 3436 gratiam,
717 3356 777 3438 qui
804 3354 1098 3438 frequenterejus
1112 3355 1295 3436 'colloquio

345 3451 536 3530 fruebatur,
553 3464 684 3542 sanctae
705 3455 977 3519 conversationis
997 3455 1119 3518 merito
1137 3474 1206 3518 non
1224 3474 1296 3517 me·

344 3551 507 3619 diocriter
521 3556 711 3620 obtinebat.
763 3555 939 3618 Tenuerat
962 3562 1077 3619 autem
1101 3573 1164 3617 rex
1186 3554 1295 3618 eccle·

344 3652 430 3716 siam
463 3653 736 3719 Lincolniensem
767 3654 803 3717 in
832 3673 936 3718 manu
967 3673 1043 3730 sua,
1076 3674 1136 3736 per
1167 3653 1296 3717 multos

284 3786 286 3791 ·
344 3771 454 3818 annos
483 3756 632 3837 pastoris
663 3754 789 3819 solatio
820 3754 1019 3832 viduatam;
1050 3772 1151 3834 quem
1174 3753 1295 3818 volens

312 3916 316 3924 ,
344 3871 524 3917 excessum
545 3855 722 3931 redimere,
746 3853 838 3918 sicut
860 3853 1003 3918 honeste
1022 3854 1149 3934 potuit,
1171 3873 1296 3935 procu-

344 3953 446 4029 ravit,
468 3960 507 4017 ut
531 3941 593 4036 per
615 3954 817 4019 electionem
842 3955 895 4017 vir
922 3953 1109 4036 praedictus
1132 3953 1176 4015 ad
1202 3951 1295 4016 illius

343 4053 497 4116 ecclesiae
514 4055 664 4136 regimen
681 4061 874 4118 vocaretur.
907 4053 988 4132 Quo
1003 4052 1110 4129 facto,
1126 4072 1204 4115 cum
1219 4053 1294 4117 viro

345 4151 409 4215 Dei
438 4154 560 4219 electio
589 4152 794 4219 denuntiata
819 4151 953 4232 fuisset,
985 4152 1293 4236 1·espondit‚qn0d
