2858 4876
182 787 237 829 Μ).
247 787 304 826 1195.

182 839 217 880 ha
224 838 295 878 natu.

341 395 385 458 88
598 407 733 459 aconnr
757 406 805 455 nn
827 404 1034 455 wnunovnn

506 619 557 706 De
570 639 745 706 miserabili
758 646 852 704 mute
868 637 958 705 dieis
971 635 1121 703 Austriae.

396 756 479 827 His¹
504 764 662 828 omnibus
684 764 832 847 praefato
847 763 927 828 duci
945 764 990 827 ab
1005 761 1166 845 episcopo
1182 757 1295 824 Vero-

344 864 443 928 nensi
470 864 536 928 rite
562 863 785 942 denuntiatis,
816 863 898 927 dnm
920 862 1010 928 idem
1039 861 1113 925 dux
1141 858 1297 923 mandati

342 963 528 1047 apostolici
549 971 731 1046 spemator
757 964 936 1041 existeret,
958 979 1123 1044 percussa
1146 965 1200 1022 est
1225 965 1296 1023 ter-

277 1054 280 1058 ’
346 1081 386 1127 ra
404 1063 498 1126 illius
519 1063 703 1128 sterilitate
722 1063 893 1140 inaudita,
915 1062 1009 1127 fame
1023 1059 1246 1123 nihilominus
1261 1064 1297 1122 et

345 1167 472 1245 pest03
506 1163 690 1227 Danubius
715 1163 824 1227 etiam
851 1162 992 1239 fluvius,
1018 1160 1055 1224 in
1084 1166 1184 1242 parte
1210 1175 1297 1238 qna·

345 1261 428 1325 dam
443 1267 545 1325 terrae
566 1262 676 1344 ipsius
697 1261 776 1343 plus
797 1261 902 1327 solito
915 1259 1101 1336 inundans,
1117 1257 1298 1339 inopinato

346 1367 476 1425 eventu
502 1360 678 1425 hominum
704 1360 823 1426 decem
849 1361 959 1425 millia
984 1357 1185 1424 submersit.
1228 1355 1298 1420 Sed

347 1479 426 1524 cum
445 1459 482 1523 in
500 1460 554 1523 his
576 1460 735 1524 omuibus
755 1480 826 1524 non
845 1460 893 1524 sit
910 1477 1054 1525 aversus
1073 1457 1170 1520 furor
1188 1454 1299 1534 ducis,

348 1559 417 1622 imo
440 1557 477 1622 in
498 1559 650 1624 deterius
674 1568 898 1641 aggravatus,
923 1558 998 1642 ipse
1022 1556 1140 1622 divino
1164 1554 1298 1640 jndicio

348 1657 547 1723 terribiliter
573 1676 758 1742 percussus
787 1666 867 1739 est3
902 1658 958 1722 dia
986 1654 1155 1740 siquidem
1186 1655 1300 1718 sancti

349 1753 528 1838 Stephani,
548 1776 626 1821 cum
651 1758 839 1839 equitando
863 1759 1171 1839 lusumpergeret,
1195 1753 1299 1817 sociis

350 1855 606 1935 comitantibus,
633 1876 755 1939 equus,
785 1858 840 1921 cni
866 1857 938 1921 dux
962 1855 1147 1932 insidebat,
1169 1853 1301 1918 violen-

351 1962 405 2019 ter
428 1955 550 2038 pedem
580 1955 756 2033 offendens
783 1957 905 2022 tibiam
935 1954 1086 2021 sedentis
1111 1973 1190 2017 cum
1214 1952 1302 2034 pede

351 2050 589 2121 insanabiliter
609 2050 785 2133 contrivit,
807 2075 886 2120 nam
909 2054 995 2121 tibia
1016 2073 1094 2119 cum
1117 2051 1203 2135 pede
1220 2072 1301 2135 pro-

351 2153 447 2218 tinus
474 2155 661 2240 conjuncta
689 2155 869 2239 nigredine
895 2155 1046 2239 quadarn
1069 2154 1301 2218 intumescens

328 2253 448 2318 -nullo
483 2255 693 2320 medicorum
732 2255 847 2339 potuit
884 2255 1134 2337 cataplasmate
1175 2250 1302 2327 sedari,

349 2353 436 2435 quin
462 2353 547 2437 igni,
572 2374 675 2438 qnem
704 2354 906 2419 infernalem
931 2359 1070 2430 vocant,
1092 2351 1219 2416 tumori
1241 2351 1302 2414 ad-

350 2453 464 2517 mixto
502 2453 766 2519 intolerabiliter
802 2454 1026 2520 cruciaretur.
1083 2451 1196 2530 Quem
1230 2449 1303 2513 dux

352 2552 543 2618 cruciatum
565 2554 654 2619 ferre
677 2572 749 2619 non
771 2554 892 2619 valens
916 2552 1038 2637 pedem
1058 2570 1081 2615 a
1102 2569 1201 2616 crure
1220 2549 1304 2614 fecit

350 2651 561 2732 detruncari,
575 2647 672 2736 ²ipso
688 2652 826 2718 interim
842 2653 1022 2717 dolabrum
1036 2654 1188 2728 tenente,
1202 2656 1305 2713 caete·

352 2751 401 2814 ris
427 2753 587 2817 omnibus
607 2771 679 2837 prae
697 2753 804 2817 nimio
823 2752 963 2816 horrore
983 2752 1050 2815 hoc
1070 2749 1183 2814 facere
1204 2767 1303 2812 reuu-

348 2849 507 2933 entibus3
523 2852 584 2917 sed
601 2872 671 2917 non
686 2853 737 2916 sic
751 2851 879 2916 doloris
894 2851 1068 2915 cruciatus
1085 2849 1209 2925 evasit,
1223 2866 1303 2910 nam

349 2949 448 3015 illico
469 2951 581 3015 femur
603 2971 683 3015 cum
703 2970 847 3033 corpore
866 2950 1001 3032 reliquo
1022 2949 1103 3031 igne
1124 2947 1185 3012 illo
1202 2965 1304 3011 exse·

348 3051 529 3115 erabiliter
555 3050 817 3133 depascebatur.
869 3048 1023 3113 Tandem
1053 3067 1136 3113 vero
1165 3047 1303 3128 culpam

355 3167 606 3232 recognoscens
633 3149 800 3230 iniquam,
825 3168 930 3231 qnam
954 3149 990 3211 in
1016 3166 1135 3230 regem
1157 3154 1194 3211 et
1222 3163 1305 3209 suos

350 3248 527 3313 malitiose
550 3254 766 3325 exercuerat,
788 3247 1012 3312 suadentibus
1038 3245 1220 3329 episcopis,
1243 3243 1304 3326 qni

356 3345 513 3424 aderant,
538 3345 674 3410 obsides
700 3346 862 3424 absolvit,
887 3354 922 3412 et
944 3345 1117 3410 residuum
1148 3344 1304 3428 pecuniae

357 3444 400 3508 de
420 3445 657 3527 redemptione
678 3446 771 3526 regis
792 3452 829 3509 et
849 3445 942 3529 quod
965 3451 1142 3527 receperat
1162 3462 1202 3507 se
1224 3442 1302 3507 red·

357 3541 510 3607 diturum
530 3542 729 3626 spopondit,
755 3551 860 3627 atque
885 3543 1125 3609 ecclesiasticae
1151 3561 1306 3606 censurae

358 3661 396 3705 se
415 3641 576 3726 deinceps
597 3642 791 3723 pariturum
811 3643 980 3727 promisit.
1017 3641 1119 3706 Tunc
1138 3642 1305 3724 episcopi,

358 3739 419 3821 qui
444 3739 602 3818 aderant,
629 3740 787 3805 videntes
811 3761 888 3806 enm
915 3742 952 3806 in
975 3747 1076 3806 tanta
1102 3741 1243 3804 miseria
1270 3748 1307 3805 ct

358 3838 558 3904 calamitate
576 3841 814 3918 constitutum,
836 3859 858 3904 a
876 3841 1051 3905 sententia
1072 3839 1308 3904 excommuni-

357 3936 505 4001 cationis
531 3939 751 4005 absolventes
782 3940 827 4003 ad
854 3941 1126 4004 communionem
1155 3938 1306 4002 fidelium

393 4114 401 4145 ¹
414 4117 607 4184 libertatibus]
620 4121 693 4171 From
706 4121 817 4186 Cogges·
878 4119 952 4185 ’lpse
970 4122 1070 4171 iuterim
1085 4121 1209 4170 abbam
1224 4127 1307 4172 tenea

356 4186 424 4249 hale,
436 4187 484 4238 col.
496 4192 554 4239 8³7.
843 4191 888 4254 tc]
907 4191 1063 4255 Nawburgh,
1074 4207 1101 4254 p.
1114 4195 1171 4242 515.
