2858 4876
336 369 401 432 136
583 383 718 430 noennr
743 384 789 431 nu
813 382 1020 432 wunnovua

176 553 298 642 ssss’gssssiffi
338 540 385 602 ris
409 548 444 621 et
473 541 652 622 sanguinis
681 541 821 604 Domini
845 541 1084 605 communione
1111 536 1283 613 munivit;

179 652 271 694 arenae
280 654 299 694 1.
338 646 372 703 et
390 640 483 703 necis
498 659 571 704 suae
591 641 737 717 auctori,
753 639 859 704 Petro
875 637 1018 716 scilicet,
1034 640 1092 722 qui
1110 649 1195 702 eum
1205 655 1283 717 per·

338 747 505 816 cusserat,
530 747 674 804 mortem
705 759 803 803 suam
830 738 1040 805 condonavit
1064 746 1170 821 atque
1199 736 1283 799 libe·

339 845 452 902 ratum
477 859 499 902 a
518 839 666 903 vinculis
692 840 786 903 abire
814 841 991 922 praecepit.
1045 839 1181 922 Corpus
1202 856 1285 905 vero

338 959 437 1002 suum
464 939 555 1022 apud
577 939 895 1003 Fontem-Ebraudi
919 959 1019 1004 secus
1043 940 1148 1023 pedes
1173 937 1284 1021 patris

337 1038 403 1115 sui,
428 1039 527 1122 cujus
554 1039 763 1122 proditorem
787 1059 825 1105 se
850 1040 1046 1118 confitetur,
1071 1037 1207 1122 sepeliri
1225 1037 1284 1120 ju-

338 1139 422 1202 bens
453 1140 606 1203 ccclesiae
627 1139 899 1221 Rothomageusi
933 1139 1203 1222 inexpugnabile
1225 1157 1285 1201 cor

337 1258 436 1302 suum
469 1240 627 1321 legavit3
661 1240 779 1322 sicque
808 1240 900 1322 apud
926 1248 1075 1305 castrum
1101 1238 1284 1322 praefatum

337 1339 470 1403 viscera
492 1359 557 1403 sua
578 1341 614 1403 in
635 1340 781 1404 ecclesia
806 1339 944 1403 recondi
968 1341 1185 1424 praecipiens
1208 1338 1283 1401 haec

336 1459 400 1520 pro
432 1459 571 1503 munere
600 1439 864 1504 Pictavensibus
895 1440 1075 1504 concessit.
1151 1439 1281 1518 Quare,

335 1539 454 1621 igitur,
472 1539 514 1603 de
532 1559 675 1623 corpore
695 1559 758 1602 suo
784 1539 889 1604 talem
910 1538 983 1603 fieri
1008 1540 1282 1613 distributionem

335 1637 535 1718 decreverit,
563 1639 769 1723 quibusdam
792 1639 1017 1704 familiaribus
1043 1641 1114 1703 suis
1145 1640 1210 1704 sub
1236 1640 1283 1702 si-

335 1739 419 1820 gillo
439 1739 562 1803 secreti
584 1740 774 1820 revelavit;
805 1739 898 1823 patri
915 1741 1005 1805 enim
1031 1759 1156 1823 corpus
1182 1748 1282 1803 suum

334 1840 467 1904 ratione
489 1838 656 1922 praedicta
687 1840 904 1920 assignavit;
930 1840 1283 1922 Rothomagensibus,

333 1947 474 2024 propter
495 1938 798 2024 incomparabilem
819 1938 1021 2004 fidelitatem
1042 1961 1146 2024 quam
1174 1941 1210 2003 in
1232 1939 1282 2003 eis

332 2047 497 2122 expertus
525 2040 651 2117 fuerat,
676 2059 735 2104 cor
759 2059 860 2104 suum
881 2061 945 2123 pro
967 2041 1092 2105 exenio
1117 2040 1281 2104 transmi-

332 2141 403 2217 sit3
434 2139 699 2204 Pictavensibus
723 2144 871 2224 quoque,
891 2149 1033 2224 propter
1052 2149 1170 2206 notam
1198 2161 1279 2224 pro-

331 2239 484 2320 ditionis,
506 2248 660 2305 stercora
677 2259 742 2303 sua
763 2239 915 2323 reliquit,
930 2260 1017 2323 quos
1045 2261 1113 2306 non
1134 2241 1204 2304 alia
1224 2241 1279 2304 sui

331 2341 485 2422 corporis
511 2341 670 2423 portione
697 2339 820 2421 dignos
841 2338 1038 2423 judicavit3
1071 2349 1107 2406 et
1131 2341 1185 2404 his
1209 2341 1281 2404 dic-

331 2439 388 2516 tis,
402 2447 537 2504 tumore
552 2441 595 2505 ad
609 2461 669 2505 cor
682 2439 758 2524 ejus
774 2439 888 2504 subito
905 2442 1137 2523 perveniente,
1151 2449 1278 2506 octavo

330 2537 408 2603 idus
428 2536 572 2621 Aprilis,
589 2540 644 2604 die
667 2540 804 2617 Martis,
827 2531 897 2604 ¹vir
919 2540 1050 2606 Martio
1068 2543 1164 2625 operi
1184 2540 1279 2605 dedi-

330 2643 388 2701 tus
406 2638 498 2720 apud
517 2648 668 2704 castrum
684 2639 886 2724 praedictum
906 2641 1066 2723 spiritum
1087 2641 1279 2719 exhalavit,

328 2744 513 2821 postquam
546 2747 752 2822 regnaverat
783 2739 882 2805 annis
912 2760 1036 2807 novem
1061 2750 1097 2806 et
1122 2741 1277 2806 dimidio.

328 2835 492 2920 Sepultus
512 2848 565 2905 est
582 2848 698 2905 autem
725 2840 817 2923 apud
837 2840 1166 2922 Fontem-Ebraudi,
1186 2842 1277 2907 sicut

327 2937 401 3020 ipse
424 2938 536 3004 adhuc
559 2941 678 3005 vivens
704 2939 937 3019 ordinaverat,
967 2962 1139 3027 cumque
1170 2943 1275 3007 etiam

327 3039 512 3103 multorum
529 3041 662 3124 judicio
687 3039 870 3123 Hesperiae
894 3040 998 3106 decus
1021 3049 1057 3107 et
1076 3042 1187 3107 honor
1210 3042 1274 3106 mi-

324 3136 409 3202 litiae
439 3141 569 3222 pariter
590 3135 745 3225 ²sepulta
770 3147 876 3220 sunt3
900 3142 943 3204 de
965 3141 1064 3225 cujus
1091 3150 1201 3206 morte
1227 3143 1274 3205 si-

325 3238 396 3330 mul
423 3245 456 3302 ct
489 3241 669 3324 sepultura
694 3239 835 3324 quidam
867 3241 1081 3325 epitaphium
1105 3241 1212 3307 edidit
1238 3243 1273 3306 in

324 3334 416 3400 hunc
429 3339 584 3418 modum,

319 3529 322 3533 .
384 3464 392 3490 ‘
405 3455 528 3514 Pictoris
542 3464 606 3515 exta
620 3458 698 3515 ducis
720 3493 727 3508 ·
747 3459 847 3537 sepelit
860 3459 1000 3536 tellusque
1016 3459 1159 3529 Chelucis,

404 3552 515 3631 Corpus
529 3553 576 3611 dat
589 3553 680 3613 claudi
703 3589 711 3606 ·
729 3557 781 3615 sub
795 3575 935 3614 memore
949 3555 1199 3626 Fontis-Ebraudi,

403 3649 538 3709 Neustria
550 3660 637 3728 tuque
651 3654 723 3729 tegis
745 3686 752 3701 ·
772 3673 821 3711 cor
834 3652 1050 3730 inexpugnabile
1064 3655 1154 3730 regis;

404 3747 451 3806 Sic
464 3746 527 3805 loca
539 3767 590 3824 per
603 3751 677 3807 trina
700 3785 706 3797 ·
725 3769 755 3807 se
769 3750 872 3827 sparsit
884 3758 960 3807 tanta
974 3750 1065 3818 ruina,

400 3843 462 3901 Nec
475 3844 534 3908 fuit¹
543 3844 597 3902 hoc
610 3846 696 3903 funus
719 3878 726 3895 ·
746 3847 791 3904 cui
805 3846 947 3904 sufficeret
955 3846 1035 3904 locus
1049 3844 1140 3905 unus!

558 3956 701 4041 Euplicd
717 3959 754 4022 dc
771 3981 837 4047 repe
852 3959 1023 4024 Richardo.

351 4144 418 4196 'Vir
438 4146 530 4195 Martio
552 4149 616 4211 opert
640 4149 743 4201 deditur.
761 4151 772 4214 ]
836 4148 957 4216 ²Sepnltu
975 4147 1053 4221 sant]
1075 4153 1207 4214 ‘Sepulta
1220 4149 1272 4203 est’

314 4217 414 4280 Diceto,
425 4216 473 4267 col.
485 4221 541 4267 705.
800 4223 825 4269 in
839 4222 895 4272 MS.
