2858 4876
170 574 224 614 ab.
239 575 295 614 1209.

330 384 397 450 228
587 401 721 449 nocnnr
745 401 792 447 nu
815 399 1023 448 wunnovun

335 580 403 624 non
425 559 640 624 invenientes
661 566 827 642 ceperunt
845 551 932 621 ¹tres
955 555 1068 620 socios
1085 553 1161 638 ejus
1185 551 1283 615 cleri-

333 681 393 724 cos
415 667 621 725 memoratos
643 668 678 724 et
701 660 744 723 de
763 657 946 723 homicidio
967 656 1107 739 penitus
1134 651 1283 728 nescios,

334 767 370 824 et
397 780 457 825 eos
490 761 527 824 in
555 780 727 824 carcerem
762 763 1005 835 retruserunt;
1042 753 1166 818 deinde
1199 758 1281 835 post

332 860 407 924 dies
444 880 586 943 paucos,
619 881 700 942 rege
730 858 926 941 Anglorum
952 856 1110 941 jubente,
1131 854 1168 916 in
1198 872 1281 916 con-

333 968 501 1043 temptum
540 960 795 1024 ecclesiasticae·
822 957 992 1023 libertatis
1028 961 1130 1019 extra
1162 952 1282 1017 villam

333 1060 448 1124 educti
471 1059 656 1142 suspendio
684 1060 868 1142 perierunt
921 1054 1025 1135 Quod
1048 1073 1127 1119 cum
1150 1052 1281 1116 factum

333 1158 467 1237 fuisset,
483 1166 698 1224 recesserunt
713 1160 757 1222 ab
776 1158 916 1222 Oxonia
938 1156 982 1220 ad
998 1156 1066 1220 tria
1088 1153 1196 1216 millia
1210 1151 1279 1215 cle·

332 1259 493 1336 ricorum,
515 1270 587 1324 tam
613 1259 770 1340 magistri
793 1277 899 1340 quam
921 1255 1093 1338 discipuli,
1115 1254 1170 1317 ita.
1187 1251 1281 1335 quod

332 1378 394 1422 nec
411 1379 500 1422 unus
516 1380 561 1424 ex
577 1360 670 1424 omni
687 1359 913 1423 universitate
929 1355 1114 1432 remansit3
1133 1372 1281 1436 quornm

332 1459 470 1539 quidam
498 1460 590 1542 apud
622 1459 876 1540 Cantabregge,
909 1456 1049 1539 quidam
1077 1472 1161 1518 vero
1187 1452 1281 1535 apud

332 1558 545 1641 Radingum,
576 1559 775 1623 liberalibus
812 1557 935 1621 studiis
965 1561 1130 1620 vacantes
1160 1551 1280 1617 villam

332 1658 480 1723 Oxoniae
496 1679 642 1724 vacuam
659 1659 883 1740 reliquerunt.
929 1656 1059 1719 Eodem
1075 1674 1168 1719 anno
1182 1645 1283 1716 ²Hu-

331 1778 390 1839 go,
406 1758 667 1823 archidiaconus
684 1758 869 1823 Wellensis
884 1764 919 1820 et
935 1755 1027 1837 regis
1042 1754 1280 1828 cancellarius,

331 1857 376 1921 ad
396 1857 632 1940 episcopatum
654 1858 943 1933 Lincolniensem,
958 1855 1078 1919 eodem
1100 1873 1182 1936 rege
1201 1873 1283 1936 pro·

331 1964 487 2033 curante,
514 1957 644 2022 electus
670 1965 736 2035 est,
767 1957 827 2040 qui
853 1956 1018 2020 continuo
1044 1961 1124 2037 post
1149 1954 1279 2017 factam

331 2056 532 2122 electionem
569 2059 676 2122 totius
711 2058 932 2141 episcopatus
965 2075 987 2119 a
1016 2073 1098 2136 rege
1134 2054 1277 2116 liberam

239 2166 241 2170 ‘
330 2157 587 2241 dispositionem
605 2159 750 2240 accepit.

167 2461 224 2500 John
233 2471 316 2502 excom-

167 2511 294 2552 municatcd.

357 2331 400 2398 Ut
414 2356 469 2398 roc
480 2333 637 2400 lohannes
653 2334 836 2400 nominatim
841 2333 948 2420 fucrit
961 2330 1243 2398 ccconnnnnicctns.

380 2459 453 2523 Sub
480 2458 534 2524 his
562 2461 709 2543 denique
735 2446 868 2535 diebus,
891 2479 970 2524 cum
994 2478 1057 2522 rex
1081 2457 1277 2539 Anglorum

330 2557 353 2622 J
356 2559 509 2624 ohannes
525 2559 600 2643 jam
622 2560 693 2623 fere
722 2580 784 2642 per
806 2560 993 2636 biennium,
1015 2566 1053 2622 ut
1073 2558 1278 2640 praedictum

330 2666 396 2735 est,
424 2660 632 2741 generaliter
658 2666 852 2742 portatam
875 2658 1040 2741 Angliam
1065 2657 1278 2741 persecutio-

330 2777 407 2821 nem
433 2760 672 2840 gravissimam
701 2759 835 2823 ratione
859 2758 1033 2822 interdicti
1057 2765 1129 2822 tam
1155 2764 1278 2821 contra

330 2858 425 2921 viros
450 2858 702 2923 ecclesiasticos
723 2878 829 2941 quam
853 2858 961 2922 laicos
985 2858 1170 2922 nonnullos
1190 2856 1280 2920 infa-

332 2957 520 3038 tigabiliter
543 2960 781 3023 continuasset
802 2966 838 3022 et
863 2958 906 3021 de
937 2958 1149 3022 correctione
1173 2955 1278 3020 simul

331 3063 366 3119 et
383 3057 619 3122 satisfactione
643 3059 802 3122 omnibus
827 3072 924 3140 spem
946 3057 1176 3121 omnimodam
1198 3055 1282 3120 ade·

330 3155 461 3233 misset,
481 3177 573 3239 papa
587 3157 812 3222 Innocentius
832 3157 942 3240 ipsius
965 3156 1183 3221 rebellionem
1202 3154 1278 3220 diu-

330 3255 398 3318 tius
428 3256 572 3320 inultam
601 3257 818 3321 dissimulare
842 3277 912 3322 non
941 3257 1081 3340 potuit;
1114 3255 1206 3320 unde
1232 3255 1277 3320 de

327 3354 471 3419 consilio
493 3355 636 3420 fratrum
660 3375 799 3421 suorum
825 3357 1063 3433 cardinalium,
1084 3355 1128 3418 ad
1149 3357 1276 3420 exstir-

328 3454 479 3537 pandum
504 3455 670 3519 radicitus
692 3456 846 3521 ecclesiae
870 3455 1083 3533 scandalum,
1103 3454 1278 3520 Londoni-

327 3554 413 3630 ensi,
434 3554 594 3618 Heliensi
614 3563 650 3618 et
670 3555 904 3636 Wigornicnsi
927 3556 1098 3639 episcopis
1122 3555 1219 3620 dedit
1240 3557 1277 3620 in

327 3653 512 3730 mandatis,
533 3662 573 3718 ut
598 3675 714 3736 regem
737 3662 962 3719 memoratum
985 3655 1189 3720 nominatim
1213 3674 1277 3719 ex-

327 3754 614 3817 communicatum
634 3755 909 3836 pronuntiarent,
921 3761 964 3818 *et
981 3755 1189 3820 sententiam
1206 3755 1280 3818 sin-

327 3852 417 3932 gulis
450 3852 570 3917 diebus
602 3854 792 3951 Dominicis
823 3862 858 3919 et
884 3853 1019 3919 festivis
1054 3855 1091 3917 in
1119 3855 1278 3919 omnibus

362 4025 685 4100 ¹Tressccios.]InWilres'
695 4033 787 4084 Chron.
812 4035 909 4096 Wells;
920 4035 952 4084 he
969 4050 1023 4085 was
1040 4035 1202 4084 consecrated
1216 4036 1277 4084 both

325 4105 376 4149 two
387 4114 431 4149 are
448 4102 504 4150 said
515 4107 540 4150 to
552 4103 616 4151 have
627 4104 690 4152 been
701 4104 786 4154 taken.
812 4105 953 4154 December
976 4108 1041 4155 12⁰9
1062 4103 1116 4169 (see
1138 4104 1230 4167 below,
1251 4121 1277 4166 p.

360 4167 371 4196 ³
382 4166 490 4238 Huga]
512 4171 593 4234 Hugh
605 4172 705 4235 Wallis,
716 4189 744 4222 or
755 4173 786 4222 de
812 4172 883 4240 2³1),
893 4175 944 4224 and
954 4175 1013 4224 died
1025 4175 1052 4223 in
1064 4175 1194 4236 February
1202 4178 1278 4226 12³4.
