2858 4876
437 401 577 451 neonus
601 402 866 452 u1sr0n1nuuu.
1060 389 1126 453 263

112 556 115 561 ’
173 560 302 626 tionem
320 562 496 628 interdicti
519 562 691 628 hostiliter
710 581 806 626 arma
827 568 1016 644 gestarent,
1034 582 1123 644 prae·
1136 578 1192 619 an.
1203 580 1259 620 121³.

174 669 228 725 ter
242 663 356 744 ipsum
375 663 499 741 solum,
515 662 745 728 anathematis
764 663 902 727 viuculo
919 661 1122 742 innodaret3

173 762 292 844 sicque
311 763 356 827 ab
377 764 540 846 incoeptis
560 782 676 845 regem
703 781 871 827 revocans
894 762 1123 845 archiepisco-

173 881 239 944 pus
261 882 330 926 non
358 864 451 946 prius
473 865 517 927 ab
540 882 581 927 eo
605 863 759 940 recessit,
781 862 890 927 donec
915 863 1005 926 diem
1031 882 1121 926 com·

172 968 346 1043 petentem
380 963 425 1027 ad
454 963 585 1027 curiam
616 963 708 1044 regis
743 963 902 1026 veniendi
932 970 967 1027 et
995 962 1121 1026 ibidem

166 1059 239 1145 juri
257 1062 401 1145 parendi
419 1063 606 1129 baronibus
627 1062 837 1145 impetravit.

180 1231 230 1295 De
243 1252 339 1296 wara
353 1233 557 1298 commotionis
572 1231 722 1299 darocam
738 1242 847 1299 contro
862 1255 960 1321 repom
975 1235 1110 1321 Aapliae.

220 1357 351 1422 Eodem
366 1377 469 1437 anno,
481 1365 606 1423 octavo
617 1357 785 1422 kalendas
803 1358 1024 1442 Septembris,
1041 1379 1120 1424 con·
1132 1374 1249 1466 goffia

170 1465 339 1522 venerunt
368 1459 405 1522 in
435 1459 578 1524 civitate
611 1458 867 1522 Londoniarum
896 1460 989 1542 apud
1018 1437 1239 1525 sanc-undoni

170 1564 243 1622 tum
279 1557 429 1622 Paulum
457 1558 667 1641 Stephanae,
697 1557 956 1622 cantuariensis
987 1560 1120 1626 archie-

170 1655 345 1740 piscopus,
380 1676 458 1722 cum
493 1659 676 1741 episcopis
709 1659 905 1737 abbatibus,
933 1659 1118 1741 prioribus,

171 1756 311 1821 decanis
339 1765 374 1822 et
399 1758 585 1823 baronibus
616 1758 726 1841 regni,
751 1759 811 1822 ubi
841 1758 1118 1843 archiepiscopus

168 1857 313 1921 indulsit
327 1865 399 1922 tam
421 1857 575 1922 ecclesiis
597 1857 881 1923 conventualibus
901 1877 1005 1942 quam
1022 1879 1118 1942 pres-

169 1956 302 2042 byteris
331 1957 569 2035 saecularibus,
600 1966 639 2023 ut
660 1957 764 2022 horas
790 1959 974 2022 canonicas
1002 1959 1038 2023 in
1063 1980 1118 2024 ec-

170 2057 284 2121 clesiis
317 2057 402 2133 suis,
425 2058 645 2122 audientibus
673 2057 905 2141 parochianis
931 2077 1118 2142 suppressa

169 2176 255 2222 voce
280 2163 473 2222 cantarent.
525 2158 570 2221 In
590 2157 656 2221 hoc
682 2157 866 2239 colloquio,
891 2165 931 2222 ut
951 2158 1043 2222 fama
1065 2179 1118 2224 re-

169 2256 248 2334 fert,
264 2255 542 2340 archiepiscopus
563 2264 787 2334 memoratus,
806 2259 1005 2323 convocatis
1023 2278 1117 2324 seor-

169 2376 247 2420 sum
279 2357 485 2439 quibusdam
515 2358 614 2438 regui
644 2357 855 2439 proceribuS,
885 2358 992 2439 coepit
1018 2358 1116 2423 affari

168 2475 229 2520 eos
246 2457 412 2521 secretius
431 2457 467 2520 in
484 2458 576 2521 hunc
597 2457 756 2535 modum3
773 2454 977 2535 ‘Audistis,'
993 2458 1117 2540 inquit,

166 2556 366 2639 ‘quomodo
386 2563 540 2638 tempore
566 2575 635 2639 quo
657 2556 749 2639 apud
765 2556 983 2621 Wintoniam
1000 2578 1117 2640 regem

168 2655 303 2720 absolvi
320 2655 434 2738 ipsum
450 2655 569 2739 jurare
589 2656 825 2739 compulerim,
842 2655 935 2739 quod
953 2656 1047 2738 leges
1067 2659 1117 2720 in·

167 2754 269 2836 iquas
297 2754 489 2819 destrueret
515 2764 550 2821 et
574 2756 669 2838 leges
695 2757 816 2831 bonas,
841 2756 1002 2820 videlicet
1022 2757 1117 2839 leges

170 2854 367 2932 Eadwardi,
384 2863 563 2920 revocaret
576 2862 611 2919 et
627 2856 663 2918 in
680 2875 786 2937 regno
804 2853 933 2919 faceret
949 2858 993 2919 ab
1009 2856 1118 2921 omni-

168 2953 234 3017 bus
256 2955 455 3034 observari3
481 2954 625 3019 iuventa
649 2962 702 3019 est
719 2974 858 3038 quoque
884 2974 975 3018 nuuc
997 2955 1119 3020 charta

168 3054 328 3136 quaedam
348 3053 493 3119 Henrici
514 3053 615 3137 primi
636 3054 728 3136 regis
746 3053 899 3136 Angliae,
922 3075 1117 3137 perquam,

168 3151 199 3215 si
217 3152 409 3231 volueritis,
434 3153 613 3218 libertates
639 3154 699 3218 diu
723 3155 869 3218 amissas
892 3154 1050 3236 poteritis
1073 3155 1118 3218 ad

168 3258 299 3318 statum
317 3254 501 3335 pristinum
522 3253 709 3318 revocara'
760 3253 807 3317 Et
824 3252 1001 3336 proferens
1019 3253 1119 3319 char-

168 3358 241 3416 tam
263 3354 435 3436 quandam
459 3353 496 3417 in
520 3353 669 3418 medium
689 3353 772 3416 fecit
793 3373 880 3432 eam,
900 3353 1118 3418 audientibus

167 3453 314 3530 cunctis,
341 3453 377 3516 iu
409 3452 501 3517 huuc
533 3452 672 3517 modum
701 3453 860 3532 recitari3
890 3447 916 3487 ¹‘
930 3452 1256 3562 H⁰¹¹fi⁰¹¹⁵’h2¹¹.¹l.lt.r

169 3551 237 3617 Dei
267 3552 475 3643 gratia‘rcx
508 3551 661 3634 Angliae,
695 3551 841 3634 Hugoni
868 3553 911 3616 de
942 3553 1119 3618 Boclandc
1256 3547 1263 3560 ⁶

115 3695 118 3701 ,
163 3651 361 3736 justiciario
400 3651 553 3733 Angliae,
587 3660 621 3716 et
655 3653 813 3716 omnibus
843 3652 1002 3716 fidelibus
1035 3654 1119 3732 suia,

166 3759 239 3816 tam
276 3751 503 3834 Francigenis
538 3771 642 3833 quam
675 3751 813 3833 AngliS,
845 3751 880 3814 iu
916 3751 1120 3818 Hertforde-

166 3851 292 3929 schirc,
309 3852 469 3916 salutem.
521 3851 648 3915 Sciatis
670 3870 725 3915 me
744 3851 812 3915 Dei
830 3852 1065 3916 misericordia
1085 3861 1121 3917 et

167 3952 340 4016 communi
368 3951 513 4016 consilio
543 3953 710 4015 baronum
739 3951 837 4033 regni
859 3950 999 4033 Angliae
1027 3952 1119 4036 ejus-

204 4126 368 4192 ¹Hemicaa.]
380 4129 632 4190 Comparethechar·
659 4146 685 4191 p.
705 4132 762 4190 161,
771 4129 835 4179 with
849 4131 891 4178 the
908 4129 1004 4179 Textus
1019 4130 1120 4179 Roffen·

165 4203 204 4248 ter
216 4212 246 4248 as
262 4201 283 4248 it
293 4201 316 4249 is
334 4200 409 4261 given
428 4201 517 4261 above,
533 4200 583 4249 vol.
603 4200 630 4248 il.
659 4200 703 4261 sis,
715 4216 741 4261 p.
754 4204 795 4249 51.
