2858 4876
425 430 563 478 anonas
587 429 856 480 nrsronrnnun.
1050 415 1117 480 337

165 589 334 653 auxilium
367 610 436 654 non
468 592 693 674 praestiterint
723 590 779 655 vel
816 590 981 666 favorem,
1013 593 1113 672 qnasi
1124 602 1180 643 A1³·
1190 605 1246 643 ¹²1⁵·

165 690 306 766 conscii,
327 710 370 754 ne
391 691 546 755 dicamus
569 692 665 767 socii,
692 691 941 775 conjurationis
959 691 1110 772 iniquae;

166 789 249 871 qnia
277 810 346 854 non
372 799 467 859 caret
493 792 655 875 scrupulo
683 792 858 855 societatis
880 791 1020 872 iniquae,
1051 793 1111 874 qui

165 889 347 954 manifesto
375 890 520 955 facinori
546 892 673 955 desinit
700 892 853 954 obviare.
906 890 996 954 Ecce
1023 911 1111 973 qua-

165 988 246 1053 liter
276 991 520 1072 patrimonium
547 991 716 1055 Romanae
744 990 898 1054 ecclesiae
929 990 1110 1073 pontifices

166 1089 303 1170 praefati
319 1090 534 1156 defendunt?
557 1092 706 1174 qualiter
722 1110 823 1154 cruce
840 1092 995 1173 signatos
1013 1099 1109 1154 tuen-

165 1196 243 1270 tur;
266 1191 335 1272 imo
352 1191 501 1274 qualiter
517 1212 555 1255 se
575 1198 754 1274 opponunt
771 1191 836 1267 his,
854 1191 914 1273 qui
935 1192 1110 1255 destruere

166 1290 354 1355 moliuntur
375 1293 552 1373 negotium
569 1290 761 1355 crucifixit
814 1290 957 1373 Pejores
974 1291 1110 1373 procul-

165 1388 270 1454 dubio
292 1390 472 1456 Saracenis
497 1393 698 1468 existentes
721 1411 798 1454 cum
821 1390 918 1454 illum
942 1396 1111 1454 conantur

164 1508 186 1554 a
202 1509 310 1572 regno
324 1491 507 1575 depellere,
517 1492 559 1555 de
571 1513 640 1575 quo
653 1491 768 1574 potius
785 1491 1002 1574 sperabatur,
1017 1491 1110 1573 quod

165 1589 303 1654 deberet
324 1611 522 1656 succurrere
539 1600 640 1657 terrae
667 1599 809 1656 sanctae.
863 1589 976 1668 Unde,
997 1611 1040 1654 ne
1059 1599 1109 1654 ta-

165 1690 249 1753 lium
274 1691 461 1756 insolentia
486 1712 554 1756 nou
583 1693 694 1756 solum
723 1693 758 1755 in
793 1691 981 1774 periculum
1012 1693 1109 1773 regni

163 1789 314 1873 Angliae,
333 1811 451 1856 verum
471 1793 574 1856 etiam
598 1793 634 1855 in
657 1792 839 1874 perniciem
864 1792 1008 1854 aliorum
1031 1811 1109 1874 reg-

165 1911 286 1955 norum
305 1899 340 1956 et
356 1892 505 1956 maxime
525 1893 560 1956 in
582 1893 839 1956 subversionem
856 1892 963 1954 totius
980 1891 1110 1972 negotii

166 1990 345 2070 crucifixi,
362 1993 478 2058 valeat
495 1995 696 2074 praevalere,
722 2011 784 2056 nos
810 2010 854 2054 ex
881 1999 980 2073 parte
1000 1992 1111 2055 omni·

165 2092 317 2174 potentis
346 2093 413 2158 Dei
438 2093 554 2157 Patris
583 2101 618 2157 et
642 2091 723 2156 Filii
749 2099 784 2155 et
807 2091 956 2174 Spiritus
979 2091 1111 2167 Sancti,

165 2193 372 2257 auctoritate
402 2214 539 2277 quoque
570 2193 805 2276 apostolorum
838 2191 913 2275 ejus
944 2190 1042 2254 Petri
1074 2199 1110 2255 et

166 2291 270 2357 Pauli
288 2313 329 2357 ac
349 2302 479 2371 nostra,
497 2313 616 2358 omnes
634 2291 831 2376 hujusmodi
852 2292 1110 2373 perturbatores

164 2395 256 2475 regis
274 2413 315 2457 ac
333 2395 429 2476 regni
447 2394 585 2475 Angliae
603 2413 681 2456 cum
700 2391 923 2474 complicibus
942 2397 976 2454 et
995 2390 1112 2454 fauto-

165 2494 259 2557 ribus
295 2494 366 2558 suis
396 2493 759 2558 excommunicationis
792 2491 929 2555 vinculo
961 2490 1108 2554 innoda-

165 2613 241 2657 mus
275 2601 309 2658 et
339 2602 449 2658 terras
485 2615 602 2658 eorum
638 2592 870 2658 ecclesiastico
906 2591 1107 2674 subjicimus

164 2693 370 2774 interdicto;
397 2695 542 2777 praefato
562 2694 820 2775 archiepiscopo
842 2698 877 2755 et
895 2691 1107 2774 coepiscopis

165 2794 237 2859 suis
265 2794 299 2856 in
329 2795 456 2859 virtute
484 2795 687 2860 obedientiae
715 2790 965 2856 districtissime
992 2791 1106 2874 injun-

166 2903 299 2976 gentes,
309 2901 481 2975 qnatenus
497 2902 649 2960 nostram
661 2891 868 2957 sententiam
877 2891 1022 2973 singulis
1034 2891 1107 2953 die-

165 2996 229 3059 bus
252 2995 444 3058 Dominicis
468 3001 503 3057 et
525 2994 672 3070 festivis,
695 2992 841 3076 pulsatis
868 2991 1046 3074 campanis
1072 2999 1107 3054 et

165 3094 316 3159 candelis
334 3095 500 3170 accensis,
521 3095 719 3157 solemniter
736 3112 797 3175 per
814 3100 923 3156 totam
941 3091 1107 3171 Angliam

165 3196 340 3278 publicare
366 3200 564 3277 procurent,
586 3194 694 3258 donec
716 3190 944 3256 satisfecerint
967 3191 1107 3255 domino

164 3296 239 3377 regi
267 3295 309 3358 de
335 3294 470 3358 damnis
495 3302 531 3359 et
553 3293 691 3378 injuriis
718 3291 879 3372 irrogatis
910 3290 1008 3354 etad
1031 3290 1106 3374 ejus

164 3396 365 3478 obsequium
398 3393 545 3458 fideliter
578 3398 820 3471 revertantur3
857 3391 1027 3454 universis
1057 3391 1110 3452 in-

164 3515 269 3579 super
282 3495 436 3580 ejusdem
458 3496 550 3576 regis
565 3494 706 3560 vasallis
720 3493 756 3555 in
771 3491 1004 3555 remissionem
1028 3510 1107 3572 pec·

163 3604 319 3660 catorum
341 3616 386 3659 ex
410 3602 508 3678 parte
534 3602 654 3659 nostra
674 3592 907 3676 injungentes,
930 3597 1110 3654 utcontra

162 3715 382 3778 perversores
426 3695 624 3780 hujusmodi
662 3692 808 3776 praefato
850 3691 924 3773 regi
956 3691 1110 3754 tribuant

164 3796 345 3862 consilium
366 3803 401 3860 et
411 3796 590 3879 juvamen.
643 3793 680 3857 si
698 3793 775 3876 quis
793 3798 909 3855 autem
930 3791 1109 3872 episcopo·

163 3916 238 3960 rum
269 3897 334 3962 hoc
363 3904 519 3961 nostrum
547 3901 757 3979 praeceptum
787 3891 979 3972 neglexerit
1000 3889 1109 3952 adim-

163 3998 271 4081 plere,
299 3999 387 4062 sciat
410 4017 447 4060 se
476 3998 520 4060 ab
550 3993 738 4078 episcopali
765 3990 876 4056 officio
906 4008 1108 4071 suspensum

163 4104 199 4162 et
229 4098 464 4182 subjectorum
500 4095 730 4162 obedientiam
769 4111 844 4155 esse
884 4090 1109 4163 subtractam,

163 4198 246 4282 quia
265 4198 401 4282 justum
426 4206 537 4262 estut
559 4198 609 4261 eis
635 4196 813 4261 inferiores
839 4211 908 4255 non
936 4189 1109 4266 obediant,

216 4316 295 4364 von.
312 4317 364 4365 111.
941 4308 960 4356 z
