2858 4876
399 402 539 450 enonas
563 402 832 452 ursrournauu.
1028 388 1091 452 171

139 563 291 627 evanuit.
338 562 468 627 Eodem
489 583 580 627 anno
603 583 666 627 rex
688 563 869 643 lohannes
891 564 1033 628 veniens
1056 565 1092 628 in
1105 579 1159 619 Ab·
1172 580 1227 618 12⁰²·

140 662 303 745 Angliam
333 663 426 746 apud
455 662 681 728 Cantuariam
719 672 907 730 coronatus
948 672 1001 730 est
1031 685 1094 749 per

141 782 280 827 manum
296 763 461 841 Huberti,
477 763 740 829 Cantuariensis
758 764 1020 848 archiepiscopi,
1037 765 1094 829 de·

141 864 230 929 cimo
253 863 566 929 octavo'kalendas
586 865 686 942 Maii,
704 872 740 929 et
754 865 847 930 illico
864 866 901 929 in
919 864 1094 929 Norman-

143 965 236 1027 niam
258 964 517 1046 transfretavit3
541 985 611 1047 quo
636 985 715 1030 cum
735 966 962 1049 pervenisset,
986 966 1096 1030 incra·

143 1065 220 1128 buit
246 1065 364 1148 opinio
396 1085 459 1148 per
491 1072 603 1130 totum
635 1085 780 1148 regnum
812 1065 1024 1130 Francorum
1052 1066 1095 1130 de

144 1172 253 1229 morte
275 1164 421 1229 Arthuri
444 1172 479 1229 et
500 1185 563 1248 per
587 1185 707 1231 omnes
737 1166 896 1231 nationes
924 1174 1096 1230 transma-

145 1264 251 1342 rinas,
273 1265 359 1329 adeo
388 1265 526 1348 quidem
553 1273 592 1330 ut
620 1286 683 1330 rex
706 1265 729 1329 J
733 1265 887 1330 ohannes
913 1274 1095 1350 suspectus

145 1364 336 1430 habebatur
352 1366 397 1430 ab
412 1365 570 1431 omnibus
585 1366 686 1449 quasi
707 1366 805 1429 illum
827 1385 932 1429 manu
955 1366 1096 1449 propria

147 1466 361 1547 peremisset,
385 1466 476 1530 unde
496 1466 597 1529 multi
618 1466 751 1530 animos
766 1473 962 1530 avertentes
978 1485 1000 1530 a
1015 1486 1096 1548 rege

145 1584 281 1649 semper
299 1565 473 1650 deinceps,
499 1574 537 1631 ut
558 1566 635 1630 ausi
657 1577 751 1644 sunt,
774 1565 960 1648 nigerrimo
982 1567 1095 1649 ipsum

144 1665 224 1730 odio
238 1666 528 1749 perstrinxerunt.

164 1841 206 1907 Ut
218 1850 374 1929 amantes
389 1840 513 1928 Aeolia
526 1862 624 1927 mem
641 1840 814 1905 Jolanem
830 1840 865 1904 in
880 1840 1082 1906 Narmonniu

520 1941 727 2006 aeramen

205 2064 310 2131 Anno
336 2067 459 2149 gratiae
491 2082 620 2130 noem.
646 2064 840 2143 lohannes,
864 2085 927 2130 rex
945 2065 1095 2147 Angliae,
1108 2081 1230 2170 ffiffio

145 2166 332 2231 celebravit
347 2167 464 2231 natale
480 2166 623 2231 Domini
637 2165 729 2249 apud
746 2165 961 2231 cadomum
951 2186 987 2229 m
1004 2165 1096 2230 Nor·
1108 2182 1152 2222 ua
1153 2181 1237 2229 manv·

146 2267 298 2344 mannia,
332 2267 404 2343 ubi,
432 2266 635 2350 postpositis
666 2266 918 2330 incursionibus
951 2265 1095 2345 bellicis,

146 2386 224 2431 cum
240 2367 362 2450 regina
384 2367 591 2448 epulabatur
613 2366 767 2449 quotidie
792 2366 983 2448 splendide,
1006 2385 1097 2429 som.

146 2487 278 2550 nosque
303 2466 525 2531 matutinales
555 2466 731 2549 usquead
759 2466 950 2548 prandendi
977 2465 1097 2531 horam

147 2567 330 2649 protraxit.
383 2565 534 2631 Peracta
557 2566 679 2631 deinde
701 2566 920 2631 solemnitate
945 2565 1096 2631 Pascha·

147 2667 184 2744 li,
206 2685 271 2731 rex
295 2667 518 2746 Fraucom,
542 2685 670 2750 magno
692 2667 847 2731 exercitu
872 2675 1098 2749 congregato,

149 2760 255 2850 oepit¹
282 2766 433 2849 plurima
461 2767 606 2832 castella
631 2786 735 2850 super
757 2787 873 2849 regem
892 2766 1099 2850 Anglorum,

147 2887 293 2950 quorum
311 2867 469 2948 quaedam
487 2867 562 2932 solo
580 2875 680 2932 tenus
697 2866 944 2949 complanavit,
955 2867 1100 2932 fortiora

102 3045 109 3055 ι
149 2975 264 3031 autem
283 2967 420 3049 integra
442 2968 645 3032 reservavit.
696 2966 927 3031 Venientibus
951 2966 1099 3050 denique

149 3066 193 3131 ad
209 3087 326 3150 regem
344 3068 474 3132 nuntiis
489 3075 524 3132 et
539 3068 746 3144 dicentibus,
762 3066 864 3130 ‘Rex
886 3067 1097 3131 Francorum

149 3174 275 3231 terram
304 3176 457 3233 vestram
491 3167 663 3232 hostiliter
693 3168 871 3249 ingressus
903 3167 995 3249 cepit
1023 3166 1099 3250 jam

150 3267 212 3331 illa
228 3275 264 3332 et
285 3267 347 3331 illa
367 3267 524 3345 castella,
547 3275 583 3332 et
605 3268 813 3332 castellanos
829 3274 963 3332 vestros
980 3267 1099 3330 caudis

150 3387 316 3450 equorum
333 3369 480 3452 turpiter
493 3368 655 3450 alligatos
678 3367 830 3444 abducit,
852 3373 958 3448 atque
979 3366 1023 3430 de
1045 3387 1099 3431 re·

151 3469 215 3531 bus
244 3468 370 3533 vestris
400 3489 464 3551 pro
495 3469 596 3532 libitu
627 3487 691 3531 suo
723 3469 797 3531 sine
828 3466 1100 3532 contradictione

151 3568 302 3651 disponit
317 3569 339 3648 3’
370 3568 494 3651 quibus
530 3587 593 3631 rex
619 3567 642 3631 J
646 3566 801 3631 ohannes
835 3566 929 3630 dedit
957 3585 1100 3649 respon-

151 3687 241 3746 sum,
252 3674 261 3702 ‘
274 3667 386 3732 Sinite
399 3669 497 3732 illum
513 3667 637 3744 facere,
657 3687 734 3749 ego,
752 3665 913 3749 quicquid
931 3666 1033 3729 modo
1048 3686 1100 3731 ra-

151 3770 214 3852 pit,
237 3788 307 3833 uno
322 3768 379 3832 die
395 3769 606 3851 recuperabo
620 3768 641 3846 ;’
664 3768 714 3831 sic
730 3787 794 3831 nec
809 3766 868 3831 isti
884 3785 946 3830 nec
961 3766 1020 3830 alii
1035 3768 1101 3832 sibi

151 3868 277 3933 similia
304 3868 551 3932 denuntiantes
573 3867 668 3933 aliud
691 3873 880 3949 potuerunt
902 3866 1027 3931 habere
1050 3888 1103 3931 re-

151 3988 327 4051 sponsum.
382 3967 536 4032 Comites
559 3987 641 4032 vero
667 3975 702 4032 et
733 3969 880 4032 barones
910 3974 945 4033 et
972 3967 1031 4031 alii
1059 3967 1102 4032 de

256 4182 265 4216 ¹
276 4184 348 4248 Cepit
356 4184 463 4248 plurimo
474 4180 594 4252 castella]
614 4186 737 4247 Compare
750 4185 856 4248 Rigord,
867 4200 910 4246 pp.
923 4188 964 4246 56,
976 4188 1017 4233 bl.
