2858 4876
153 577 209 619 ab.
222 579 277 618 1213.

154 631 241 669 charter
249 629 273 668 ot

154 680 228 728 lienry
238 679 256 719 1.

312 390 378 455 264
570 404 703 452 nocam
728 404 775 450 nn
798 403 1005 451 wnunovnn

314 561 391 626 dem
416 563 514 644 regni
534 581 650 644 regem
674 581 751 626 esse
776 567 1001 640 coronatum3
1029 568 1064 624 et
1084 558 1167 642 quia
1189 563 1269 643 reg'-

315 682 397 726 num
422 681 625 745 oppressum
655 670 730 726 erat
755 661 895 744 injustis
922 661 1174 738 exactionibus
1201 681 1268 743 ego

314 769 475 845 respectu
503 762 583 839 Dei,
615 770 650 825 et
677 780 793 825 amore
820 780 921 842 quem
949 780 1034 842 erga
1057 780 1132 825 vos¹
1147 780 1269 824 omnes

315 862 438 940 habeo,
462 869 618 926 sanctam
645 862 713 924 Dei
738 859 919 924 ecclesiam
941 860 1099 944 inprimis
1122 860 1268 925 liberam

315 961 418 1040 facio,
440 962 491 1027 ita
516 961 608 1044 quod
628 981 692 1026 neo
715 979 791 1024 eam
812 959 958 1024 vendam
982 979 1046 1024 neo
1066 961 1110 1024 ad
1132 960 1267 1024 firmam

316 1080 455 1144 ponam,
479 1081 555 1140 nec,
580 1068 716 1125 mortuo
741 1061 1000 1143 archiepiscopo
1021 1059 1078 1124 vel
1102 1061 1268 1142 episcopo

316 1163 391 1225 sive
416 1162 552 1239 abbate,
575 1160 706 1243 aliquid
729 1160 896 1243 accipiam
921 1161 963 1223 de
983 1159 1133 1225 dominio
1156 1160 1268 1224 eccle·

317 1262 391 1339 siae,
413 1262 469 1326 vel
495 1260 538 1325 de
561 1259 769 1338 hominibuS,
796 1259 904 1323 donee
930 1278 1108 1324 successor
1132 1259 1168 1323 in
1191 1279 1269 1324 eam

317 1361 539 1443 ingrediatur.
609 1360 656 1424 Et
690 1379 808 1424 omnes
845 1359 955 1422 malas
990 1359 1269 1438 consuetudines,

318 1462 443 1542 quibus
481 1480 625 1543 regnum
659 1459 799 1542 Angliae
834 1458 964 1543 injuste
998 1459 1270 1541 opprimebatur,

318 1559 398 1624 inde
418 1557 550 1639 aufero,
574 1579 661 1643 quas
689 1560 799 1624 malas
822 1559 1088 1623 consuetudines
1109 1559 1146 1622 in
1168 1566 1270 1643 parte

318 1660 374 1724 hio
397 1680 500 1742 pono.
553 1659 591 1724 Si
617 1661 694 1742 quis
719 1661 887 1724 baronum
913 1679 1078 1736 meorum,
1104 1660 1270 1733 comitum

318 1759 374 1824 vel
400 1760 557 1837 aliorum,
584 1760 711 1842 quide
738 1778 792 1823 me
814 1765 944 1836 tenent,
970 1766 1126 1823 mortuus
1153 1759 1271 1838 suerit,

319 1860 430 1922 haeres
467 1879 551 1924 suus
587 1879 656 1924 non
696 1860 842 1924 redimet
874 1866 1000 1923 terram
1034 1878 1145 1938 suam,
1178 1861 1272 1925 sicut

319 1959 433 2022 facere
481 1967 709 2024 consueverat
747 1967 900 2042 tempore
944 1958 1053 2041 patris
1095 1959 1176 2037 mei,
1208 1962 1270 2024 sed

320 2059 475 2142 legitima
495 2067 531 2124 et
550 2059 649 2143 justa
672 2059 883 2125 relevatione
907 2058 1076 2124 relevabit
1099 2078 1198 2140 eam3
1222 2061 1270 2124 si·

320 2159 448 2223 militer
477 2167 512 2224 et
541 2159 697 2224 homines
729 2161 896 2223 baronum
928 2177 1081 2222 meorum
1113 2159 1271 2242 legitima

321 2266 357 2322 et
380 2258 479 2343 justa
509 2258 721 2323 relevatione
749 2259 953 2323 relevabunt
977 2265 1088 2322 terras
1116 2279 1198 2323 suas
1227 2260 1271 2324 de

322 2358 470 2434 dominis
492 2360 576 2423 suis
640 2359 699 2437 Et,
717 2359 747 2422 si
767 2359 845 2441 quis
866 2359 1034 2422 baronum
1050 2359 1106 2423 vel
1122 2359 1271 2424 aliorum

321 2458 497 2523 hominum
523 2478 677 2523 meorum
699 2458 806 2522 filiam
831 2477 930 2522 suam
952 2458 1088 2522 tradere
1109 2459 1272 2539 voluerit,

321 2559 395 2622 sive
421 2579 585 2637 sororem,
607 2559 681 2623 sive
707 2566 857 2642 neptem,
880 2557 954 2622 sive
979 2565 1175 2640 cognatam,
1199 2580 1271 2624 me·

322 2678 399 2723 cum
417 2659 496 2723 inde
513 2659 687 2740 loquatur,
704 2658 764 2722 sed
785 2677 895 2740 neque
915 2676 981 2739 ego
999 2657 1129 2741 aliquid
1147 2659 1189 2723 de
1205 2679 1271 2724 suo

322 2776 385 2839 pro
412 2757 477 2821 hac
505 2758 646 2821 licentia
677 2757 854 2842 accipiam,
885 2776 997 2839 neque
1027 2757 1208 2821 defendam
1240 2760 1272 2823 ei

323 2857 406 2938 quin
435 2875 509 2920 eam
538 2856 608 2935 det,
638 2866 785 2940 excepto
812 2857 842 2920 si
868 2876 944 2920 earn
977 2856 1059 2921 dare
1084 2858 1191 2922 vellet
1216 2858 1271 2921 in-

322 2956 424 3019 imico
442 2976 537 3037 meo;
558 2966 594 3021 et
608 2957 650 3035 si,
666 2965 802 3022 mortuo
821 2957 950 3021 barone
966 2955 1023 3020 vel
1043 2956 1114 3021 alio
1133 2957 1273 3023 homine

323 3075 413 3133 meo,
446 3056 517 3119 filia
546 3056 657 3120 haeres
692 3057 908 3133 remanserit,
938 3056 1029 3120 dabo
1061 3055 1156 3120 illam
1192 3078 1272 3122 cum

324 3155 467 3221 consilio
496 3157 664 3221 baronum
693 3176 847 3220 meorum
877 3176 956 3219 cum
985 3164 1078 3220 terra
1108 3175 1199 3235 sua;
1237 3166 1273 3223 et

324 3255 367 3332 si,
388 3264 524 3320 mortuo
546 3257 682 3334 marito,
706 3276 797 3319 uxor
818 3257 893 3340 ejus
919 3257 1122 3320 remanserit
1142 3263 1179 3321 et
1198 3258 1273 3323 sine

324 3353 441 3418 liberis
466 3354 581 3435 fuerit,
604 3356 719 3420 dotem
742 3375 841 3420 suam
863 3356 899 3419 in
924 3355 1142 3438 maritaginm
1166 3356 1273 3422 habe-

324 3455 388 3532 bit,
419 3462 455 3519 et
488 3474 562 3519 eam
601 3475 670 3520 non
705 3456 794 3519 dabo
826 3455 952 3520 marito
983 3456 1050 3519 nisi
1083 3457 1273 3522 secundum

326 3553 414 3618 velle
442 3573 569 3635 suum3
599 3556 628 3618 si
655 3575 737 3620 vero
767 3575 858 3618 uxor
887 3575 965 3618 cum
993 3555 1109 3620 liberis
1138 3576 1273 3623 reman-

325 3655 420 3731 serit,
443 3653 558 3719 dotem
585 3673 682 3718 suam
710 3655 747 3717 in
771 3654 993 3737 maritagium
1016 3655 1168 3732 habebit,
1191 3658 1273 3721 dum

325 3772 451 3837 corpus
490 3774 591 3817 suum
627 3754 779 3835 legitime
820 3755 985 3832 servabit,
1022 3763 1058 3819 et
1087 3774 1164 3818 eam
1204 3777 1275 3822 non

326 3851 415 3918 dabo
450 3854 576 3917 marito
619 3854 685 3917 nisi
721 3855 909 3919 secundum
944 3854 1033 3918 velle
1069 3875 1197 3936 suum3
1241 3865 1277 3922 et

326 3959 427 4017 terrae
469 3953 653 4019 liberorum
691 3963 809 4019 custos
847 3955 913 4018 erit
948 3956 1022 4018 sive
1058 3975 1161 4031 uxor,
1200 3958 1275 4022 sive

325 4052 414 4116 alius
446 4055 669 4136 propinquior
705 4055 765 4137 qui
797 4054 928 4137 justius
961 4075 1037 4118 esse
1071 4055 1198 4136 debet3
1240 4067 1276 4124 et

324 4152 499 4235 praecipio,
529 4160 567 4218 ut
594 4155 740 4220 barones
769 4155 836 4218 mei
863 4154 1022 4220 similiter
1050 4142 1090 4219 se
1120 4157 1276 4222 contine-
