2858 4876
432 434 571 482 cnonas
595 433 864 483 HISTORIARUM.
1059 419 1125 484 339

175 595 286 666 erunt,
307 587 399 652 unde
419 588 573 672 capitulo
599 589 808 654 Eboracensi
830 591 968 672 scripsit
991 593 1025 655 in
1049 592 1260 657 haecA.D.1215.

174 689 281 754 verba
293 710 302 768 ;

224 793 235 824 ‘
252 789 476 855 Innocentius
493 789 688 873 episcopus,
705 797 740 855 et
756 797 893 855 caetera.
940 789 1028 855 Cum
1050 811 1123 856 ma
1135 818 1256 859 ramnes

172 889 281 971 gister
296 889 414 955 Simon
430 889 472 953 de
491 889 708 971 Langetona,
723 910 800 955 cum
820 891 1025 973 quibusdam
1043 891 1121 957 aliis
1134 869 1272 968 {iiiiii

172 990 347 1054 canonicis
372 990 662 1068 Eboracensibus,
690 991 726 1053 in
748 997 867 1054 nostra
893 1011 1002 1075 nuper
1028 969 1275 1059 essetlrlll⁰²²¹¹⁹'

172 1090 362 1172 praesentia
386 1089 609 1167 constitutus,
638 1109 701 1154 nos
732 1091 762 1154 ei
793 1091 875 1155 viva
904 1110 987 1156 voce
1015 1093 1121 1156 inter-

172 1189 335 1268 diximuS,
370 1209 414 1254 ne
451 1189 493 1254 ad
529 1191 752 1255 obtinendum
786 1191 1118 1275 archiepiscopatum

173 1289 426 1355 Eboracensem
452 1290 655 1367 intenderet,
680 1290 762 1373 quia
785 1291 820 1354 id
845 1293 948 1355 certis
969 1312 1013 1356 ex
1035 1312 1118 1356 cau-

172 1389 221 1453 sis
244 1390 381 1454 minime
403 1401 611 1473 pateremur,
632 1391 761 1472 etipse
782 1391 931 1473 quidem,
949 1400 1118 1474 quantum

171 1490 285 1555 verbis
310 1492 494 1574 expressit,
521 1490 601 1554 huic
630 1491 751 1555 annuit
775 1498 996 1571 reverenter3
1026 1493 1118 1557 unde

171 1589 289 1654 mirari
306 1592 462 1673 cogimur
479 1597 514 1655 et
530 1592 672 1668 moveri,
691 1591 721 1654 si
738 1591 852 1673 ipsum
874 1592 1016 1657 ambitio
1031 1595 1118 1658 adeo

171 1692 412 1769 excaecaverit,
434 1699 474 1755 ut
491 1711 568 1755 cum
588 1692 692 1755 sciret
708 1711 746 1754 se
765 1698 846 1775 post
864 1698 1016 1755 nostram
1036 1713 1117 1775 pro·

170 1789 370 1856 bibitionem
388 1798 424 1856 et
440 1811 539 1855 suam
558 1791 819 1873 promissionem
840 1810 1039 1874 expressam
1055 1794 1117 1857 eli-

170 1891 207 1973 gi
229 1891 272 1955 de
295 1890 376 1975 jure
401 1912 471 1956 non
497 1910 612 1974 posse,
640 1892 670 1955 si
693 1892 756 1955 tali
779 1892 979 1974 praestiterit
1001 1892 1118 1956 electi·

170 1991 227 2055 oni
251 2011 468 2069 consensum,
491 2010 607 2074 qnam,
630 1991 726 2056 nullo
754 1991 823 2056 alio
849 1991 1116 2069 contradicente,

169 2111 232 2155 nos
255 2091 387 2156 irritam
410 2092 625 2157 haberemus
678 2091 757 2169 Sed,
778 2112 821 2156 ne
847 2091 912 2155 hac
935 2091 1116 2157 occasione

168 2191 230 2255 fiat
260 2192 296 2255 in
328 2189 459 2274 Anglia
493 2192 701 2256 novissimus
734 2212 830 2256 error
863 2191 961 2276 pejor
988 2191 1114 2275 priore,

169 2291 225 2356 vel
245 2291 472 2356 Eboracensis
495 2292 641 2356 ecclesia
663 2291 792 2356 diutius
814 2299 954 2355 maneat
976 2299 1115 2374 pastore

170 2391 324 2471 viduata,
341 2391 383 2456 de
396 2393 569 2457 communi
584 2391 729 2456 fratrum
747 2399 943 2456 nostrornm
958 2392 1113 2471 consilio,

168 2512 230 2575 per
246 2492 439 2575 apostolica
458 2493 554 2557 vobis
576 2494 707 2574 scripta
724 2490 955 2574 praecipiendo
973 2491 1115 2555 manda-

169 2612 257 2671 mus,
279 2600 314 2657 et
341 2593 377 2656 in
400 2593 529 2657 virtute
554 2593 759 2656 obedientiae
780 2592 936 2656 districte
958 2592 1114 2675 proecipi-

170 2712 259 2771 mus,
281 2700 453 2776 qnatenus
477 2691 644 2757 electione
665 2692 862 2775 hujusmodi
882 2712 952 2756 non
972 2694 1114 2757 obstan·

171 2799 217 2871 te,
240 2814 318 2858 cnm
340 2793 544 2857 insolentias
569 2799 604 2857 et
626 2791 897 2856 machinationes
916 2791 1114 2877 hujusmodi

169 2893 340 2958 sustinere
371 2894 530 2958 nolumus
562 2913 625 2956 nec
656 2892 831 2970 debemus,
862 2894 956 2957 omni
986 2893 1115 2957 occasi·

169 3012 235 3057 one
264 3013 305 3058 ac
333 2993 618 3076 tergiversatione
648 2993 876 3069 cessantibus,
907 2993 1043 3076 aliquos
1069 3011 1114 3056 ex

168 3093 266 3157 vobis
293 3113 371 3158 cum
396 3093 569 3158 communi
596 3093 689 3157 omni
711 3099 884 3175 potestate
906 3092 951 3155 ad
979 3093 1114 3157 instans

167 3193 348 3258 concilium
383 3193 574 3270 destinetis,
609 3193 669 3275 qui
698 3193 822 3256 saltem
855 3211 963 3274 usque
993 3192 1114 3256 kalen·

167 3294 230 3357 des
257 3293 466 3358 Novembris
493 3300 613 3358 nostro
640 3312 678 3358 se
706 3292 905 3376 conspectui
926 3311 1114 3374 repraesen-

167 3399 255 3471 tent,
291 3412 473 3476 personam
505 3394 665 3458 idoneam
703 3413 780 3457 cum
818 3398 937 3457 nostro
971 3393 1114 3457 electuri

166 3493 222 3557 vel
239 3493 447 3576 postulaturi
463 3494 607 3558 consilio
625 3494 662 3557 in
679 3500 875 3576 pastorem;
899 3493 1052 3575 alioquin
1068 3513 1113 3557 ex

167 3599 250 3658 tunc
272 3613 335 3658 nos
360 3594 428 3676 ipsi
452 3593 646 3658 curabimus
674 3595 717 3658 de
746 3593 869 3657 idoneo
895 3594 992 3658 vobis
1026 3613 1114 3676 prae-

165 3693 241 3759 sule
279 3693 473 3776 providere,
507 3694 792 3770 contradictores,
822 3694 852 3757 si
882 3692 942 3777 qni
972 3693 1112 3771 fuerint,

164 3794 221 3859 vel
243 3783 400 3870 rebelleS,
419 3814 481 3876 per
504 3793 752 3859 districtionem
773 3795 973 3858 canonicam
1001 3795 1113 3875 gravi-

70 3922 72 3926 ·
164 3900 218 3959 ter
240 3894 406 3977 punituri.
460 3893 497 3958 Si
517 3914 599 3958 vero
623 3893 789 3977 praefatus
812 3893 929 3959 Simon
954 3893 1112 3958 electioni

164 3994 207 4059 de
231 4014 269 4058 se
291 3994 393 4058 factae
412 3995 598 4072 consensit,
622 4015 685 4059 nos
708 3996 744 4058 in
767 4014 906 4077 poenam
931 4013 1004 4057 suae
1025 4013 1114 4076 prae-

162 4095 368 4178 sumptionis
400 4095 597 4172 statuimuS,
625 4101 664 4159 ut
689 4094 886 4175 ineligibilis
917 4094 978 4157 fiat
1000 4113 1043 4156 ne
1069 4093 1112 4156 de

961 4217 1006 4262 zi
