2858 4876
429 413 569 467 anonas
591 418 859 469 nrsronmnuu.
1052 406 1118 470 349

186 651 236 715 De
257 673 361 716 reram
383 653 618 739 depopulatione
639 655 675 718 io
695 651 832 717 australi
847 662 943 738 parts
961 656 1093 742 Aaylioe.

216 776 361 841 Interim
389 778 595 854 WillelmuS,
628 796 742 842 comes
776 776 1047 857 Saresbiriensis,
1082 788 1117 845 et
1130 796 1184 835 ev·
1196 797 1251 836 1²1⁵-

168 872 361 942 Falcasius¹
378 899 454 943 cum
472 877 697 944 bellatoribus
715 878 934 959 supradictis,
948 900 1035 962 quos
1053 901 1115 946 rex
1128 847 1258 948 suaviis-‘³‘

165 976 257 1059 apud
273 986 433 1043 sanctum
449 977 625 1043 Albanum
641 977 829 1055 dimiserat,
848 979 1117 1060 assignaverunt

165 1079 373 1144 castellanos
407 1080 449 1142 de
480 1078 753 1154 windleshores,
787 1078 829 1141 de
861 1061 1044 1158 Hartiord,
1073 1081 1116 1145 de

166 1177 469 1256 Barchamestnde,
484 1199 561 1242 cum
577 1197 681 1241 manu
697 1178 812 1242 valida
835 1185 870 1242 et
888 1187 1033 1254 armata,
1057 1183 1116 1264 qui

166 1276 210 1339 ad
227 1278 479 1343 observandum
510 1280 680 1343 intrantes
712 1279 889 1342 civitatem
919 1278 1115 1344 Londinen·

165 1395 237 1441 sem
262 1386 298 1443 et
322 1380 537 1461 egredientes
563 1398 704 1461 operam
727 1378 850 1442 darent
873 1386 909 1441 et
930 1381 1116 1444 baronibus

165 1476 247 1542 vitae
264 1479 454 1544 subsidium
472 1479 673 1544 subtrahere
687 1479 904 1556 laborarent3
929 1499 998 1561 quo
1009 1481 1115 1559 sacto,

165 1577 232 1659 ipsi
256 1598 318 1662 per
341 1581 538 1664 provincias
563 1579 606 1644 de
633 1580 758 1656 Essex,
789 1579 832 1643 de
864 1577 1043 1658 Hertford,
1073 1581 1116 1644 de

166 1674 664 1761 Middlesex,de²Cantebrige
682 1685 718 1742 et
731 1678 773 1742 de
784 1678 1024 1743 Huntenduna
1036 1700 1114 1762 per-

166 1786 334 1860 vagantes
356 1780 484 1863 praedis
513 1787 548 1844 et
574 1780 705 1862 rapinis
733 1779 916 1854 vacabant,
933 1780 1032 1843 villas
1053 1782 1115 1844 tri-

165 1879 319 1942 butarias
346 1879 550 1958 efficiebant,
572 1880 727 1944 homines
752 1878 946 1961 capiebant,
970 1879 1115 1944 aedificia

164 1979 332 2043 baronum
349 1981 607 2057 comburebant,
625 1998 748 2062 parcos
763 1986 798 2043 et
812 1977 946 2042 vivaria
962 1977 1115 2044 destrue-

166 2079 262 2156 bant,
287 2081 442 2162 pomeria
464 2080 699 2155 succidebant,
722 2089 828 2161 atque
845 2077 982 2142 tandem
1004 2098 1113 2162 usque

164 2177 201 2241 in
227 2181 390 2244 suburbio
407 2180 676 2256 Londoniarum,
695 2179 823 2262 injecto
844 2179 936 2260 igne,
962 2179 1114 2260 praedam

165 2278 427 2361 impretiabilem
461 2280 708 2360 abduxerunt;
747 2298 893 2360 cumque
925 2280 1037 2342 nuntii
1069 2299 1113 2343 ex

165 2378 250 2443 locis
264 2379 408 2444 diversis
426 2382 602 2446 venientes
626 2380 700 2443 haec
722 2379 839 2442 omnia
859 2380 1045 2442 baronibus
1062 2399 1115 2443 re·

167 2479 331 2557 tulerunt,
355 2481 531 2545 intuentes
548 2501 585 2544 se
602 2487 723 2545 mutuo
740 2479 912 2555 dicebant,
923 2483 934 2512 ‘
946 2479 1116 2543 Dominus

165 2578 271 2656 dedit,
282 2580 452 2645 Dominus
470 2575 654 2657 ³abstulit,'
668 2587 703 2644 et
715 2587 851 2643 caetera.
890 2578 1019 2642 Eodem
1033 2587 1117 2643 tem-

166 2698 249 2762 pore
273 2680 453 2745 Falcasius
476 2683 566 2763 cepit
584 2680 806 2761 municipium
821 2678 988 2743 Willelmi
1013 2678 1116 2742 Mau-

166 2780 229 2845 dut
255 2780 297 2844 de
322 2781 529 2863 Hamslape,
554 2788 678 2864 quarto
706 2779 874 2844 kalendas
900 2779 1114 2844 Decembris.

165 2880 294 2945 Eodem
318 2881 373 2944 die
396 2889 500 2964 capta
522 2888 575 2944 est
592 2881 737 2944 munitio
755 2880 799 2944 de
814 2880 1043 2961 Tunebregge
1058 2899 1117 2943 co-

53 3023 57 3032 ·
164 2981 257 3045 mitis
288 2981 331 3044 de
362 2981 464 3046 Clare
490 3000 512 3044 a
536 2979 757 3045 Roffensibus
786 2979 995 3046 castellanis.
1048 2978 1117 3043 Per

164 3080 253 3144 idem
268 3090 404 3164 tempus
422 3081 602 3145 Falcasius
625 3081 668 3144 ad
690 3081 868 3144 castellum
887 3078 930 3142 de
946 3077 1116 3142 Bedeford

164 3183 305 3244 veniens
336 3202 358 3246 a
387 3181 586 3246 custodibus
614 3180 699 3245 illud
728 3179 854 3259 exegit,
886 3179 946 3258 qui
975 3177 1116 3242 tandem

165 3288 295 3363 septem
319 3281 450 3346 dierum
476 3283 628 3364 acceptis
648 3279 805 3353 induciiS,
827 3296 905 3339 cum
929 3295 951 3339 a
976 3276 1116 3343 domino

161 3391 227 3445 ‘sno
242 3381 418 3447 Willelmo
434 3382 477 3446 de
494 3382 734 3461 Bello-campo
751 3376 842 3441 inira
857 3377 930 3441 dies
948 3397 1117 3442 memora-

202 3562 348 3616 ¹Folcusias
362 3584 416 3617 cam
432 3568 596 3618 delatoribus.
614 3561 628 3636 ]
653 3567 729 3629 going
740 3580 782 3628 ou,
793 3563 944 3625 exclaimed,
955 3565 963 3591 ‘
975 3565 1041 3614 Haec
1056 3563 1118 3612 facit
1139 3608 1142 3613 .

164 3633 241 3683 Their
251 3641 322 3686 route
339 3638 362 3686 is
377 3653 446 3687 more
462 3637 629 3699 particularly
653 3637 818 3685 charissimus
828 3636 855 3682 in
868 3633 970 3684 Christo
987 3635 1054 3683 filius
1071 3647 1118 3696 pa-

166 3705 272 3755 marked
304 3707 339 3768 by
370 3708 539 3770 Coggeshele,
565 3709 629 3756 from
654 3718 703 3768 pae,
716 3703 1119 3766 quisuumvasallumtamlibe·

165 3775 248 3823 whom
270 3777 290 3824 it
309 3791 418 3839 appears
440 3779 495 3826 that
518 3777 631 3839 Oogges·
654 3790 710 3823 rum
733 3779 759 3823 et
774 3775 857 3824 nobile
878 3789 984 3837 regnum
1002 3773 1119 3822 inaudita

164 3845 232 3906 hale,
254 3846 327 3907 Bury
349 3847 386 3896 St.
407 3846 549 3906 Edmunds,
571 3847 628 3895 Col·
654 3846 766 3895 novitate
807 3845 984 3906 subjugantem
1023 3847 1118 3892 tuetur.

164 3915 272 3980 chester,
283 3917 333 3965 and
346 3917 397 3978 Ely
407 3916 498 3975 chiefly
507 3915 629 3976 suffered3
656 3915 725 3964 Proh
743 3914 827 3964 dolor!
848 3915 892 3974 qui
909 3913 1004 3961 mederi
1023 3912 1119 3961 mundo

165 4001 192 4047 p.
204 3990 261 4037 11⁰.
655 3985 786 4047 languenti
803 3984 916 4043 deberet,
926 3997 1048 4031 venenum
1065 3997 1119 4032 ma·

201 4053 389 4121 ²cantebrige]
407 4057 520 4116 wanting
540 4055 566 4102 in
580 4055 610 4103 C.
657 4055 746 4104 nitente
769 4055 796 4101 in
814 4053 1006 4115 congregatione
1024 4066 1121 4114 paupe·

200 4123 348 4191 uastata]
361 4128 436 4177 Paris
444 4128 519 4190 adds,
526 4125 581 4174 that
589 4124 631 4173 the
657 4139 721 4186 rum,
732 4137 796 4184 quos
808 4122 1070 4173 debemusecclesiam
1078 4137 1121 4171 vo·

164 4198 265 4260 people,
273 4197 348 4248 when
360 4198 420 4260 they
428 4213 483 4247 saw
494 4196 565 4248 what
576 4209 631 4245 was
657 4209 724 4255 care,
738 4188 861 4243 effundit?
