2858 4876
352 394 418 458 v160
605 414 740 461 nonum
765 413 811 460 on
834 412 1040 461 wnnoovnn

189 579 312 670 sspfl·0¹,²⁰⁰‘
351 568 567 632 benedictam
586 570 623 632 in
645 589 773 651 magna
790 569 986 651 quantitate
1001 566 1143 648 effudit3
1166 567 1303 633 statim-¹

189 681 261 730 uun,
351 688 418 750 que
445 668 594 733 furiosus
619 671 783 745 surrexit,
808 676 844 733 et
869 688 993 732 manus
1015 668 1143 750 ligatas
1165 667 1209 732 ad
1233 688 1302 731 cae·

186 731 294 822 ἷίίῗιῖἶῗυῗτ
350 769 420 832 lum
442 770 576 849 erigens
602 771 678 834 Deo
700 776 735 833 ct
755 770 858 832 beato
880 768 1033 852 pontifici
1062 769 1194 850 gratias
1216 767 1301 849 egit,

350 875 385 932 et
408 869 500 933 illico
524 869 670 933 vinculis
701 869 824 933 solutis
852 888 957 932 sanus
988 870 1141 933 recessit.
1194 867 1300 946 Quae·

350 968 428 1032 darn
449 975 609 1032 matrona
631 968 820 1033 Lincolniae
845 968 933 1032 duos
953 967 1074 1032 habuit
1096 968 1197 1044 filios,
1214 985 1300 1051 quo·

350 1087 427 1131 rum
451 1068 550 1145 alter,
573 1069 654 1132 dum
677 1068 789 1132 adhuc
814 1088 900 1151 puer
923 1074 1027 1145 esset,
1046 1069 1083 1132 in
1105 1067 1229 1132 dextro
1248 1067 1302 1130 la-

351 1174 424 1232 tere
446 1175 614 1232 tumorem
639 1168 761 1232 habuit
786 1167 975 1249 grandem3
998 1168 1041 1232 de
1063 1167 1163 1251 cujus
1187 1167 1301 1231 salute

350 1276 461 1333 mater
480 1269 666 1350 desperans
684 1275 843 1332 sanctum
863 1268 1062 1350 episcopum
1082 1266 1179 1344 adiit,
1197 1276 1244 1344 et,
1261 1274 1300 1329 nt

350 1368 382 1431 ei
407 1368 634 1445 benediceret,
659 1368 869 1450 impetravit.
923 1367 989 1431 Ille
1014 1387 1097 1432 vero
1120 1387 1225 1450 super
1248 1366 1301 1431 lo-

350 1488 428 1532 cum
455 1468 565 1532 morbi
590 1487 713 1532 manus
740 1469 870 1549 posuit,
889 1468 1066 1533 benedixit
1090 1476 1126 1533 et
1148 1467 1297 1547 dimisit3

349 1588 418 1650 quo
444 1567 548 1644 facto,
576 1568 628 1633 ita
655 1576 768 1633 tumor
794 1568 910 1633 subito
933 1567 1074 1631 sedatus
1100 1575 1166 1643 est,
1188 1578 1228 1632 ut
1254 1568 1298 1630 ab

348 1668 409 1732 ilia
444 1667 530 1732 bora
559 1687 622 1731 nec
658 1687 803 1750 puerum
832 1668 1024 1745 vexaverit,
1058 1687 1121 1731 nec
1154 1665 1299 1730 ulterius

348 1775 459 1832 mater
481 1775 647 1833 tumorem
672 1767 808 1833 viderit.
860 1766 941 1832 Alio
965 1776 1118 1850 tempore
1140 1766 1299 1850 contigit,

349 1875 389 1931 ut
408 1868 497 1931 alius
526 1867 680 1951 ejusdem
708 1874 875 1932 matronae
897 1867 990 1931 filius
1016 1861 1218 1931 ¹ictericiam
1240 1868 1299 1931 de-

347 1967 564 2049 sperabiliter
584 1975 782 2049 pateretur;
805 1967 867 2031 illa
884 1976 1012 2044 autem,
1028 1968 1153 2050 prioris
1170 1987 1300 2032 memor

347 2067 483 2149 refugii,
512 2073 548 2131 et
574 2067 665 2132 hunc
692 2067 959 2131 benedicendum
988 2075 1110 2132 sancto
1136 2067 1299 2150 episcopo

347 2167 583 2250 praesentavit,
606 2168 677 2250 qui,
698 2173 842 2250 accepta
863 2167 1112 2247 benedictione,
1129 2168 1219 2232 infra
1237 2168 1299 2233 tri·

347 2269 453 2332 duum
471 2268 653 2332 restitutus
670 2276 723 2332 est
740 2267 896 2350 pristinae
914 2268 1068 2334 sanitati.

354 2500 357 2503 .
423 2439 565 2520 Qualiter
579 2447 705 2504 sanctas
721 2439 814 2524 Harpa
829 2461 865 2503 aa
879 2438 937 2504 boc
952 2439 1017 2505 lace
1034 2440 1227 2526 mipracarit.

400 2566 550 2630 Sanctus
571 2563 680 2645 Hugo
700 2563 895 2646 episcopuS,
917 2566 1088 2648 completo
1108 2566 1145 2630 in
1167 2566 1299 2648 episco-

349 2674 434 2750 patu
466 2684 557 2728 anno
590 2663 722 2728 decimo
754 2671 890 2745 quarto,
923 2683 945 2729 a
973 2664 1135 2730 Cantusia
1168 2668 1297 2749 princi-¹

348 2768 419 2850 pali
436 2764 589 2849 ejusdem
610 2763 740 2828 ordinis
759 2763 873 2840 domo,
890 2764 1040 2829 visitatis
1058 2786 1103 2830 ex
1120 2766 1225 2848 longo
1240 2767 1299 2832 de-

347 2868 473 2931 siderio
488 2865 602 2947 priore
618 2872 653 2929 et
669 2863 834 2927 fratribus
850 2863 1004 2947 ejusdem
1020 2865 1155 2943 domuS,
1171 2866 1207 2930 in
1221 2865 1297 2931 An-

348 2967 454 3048 gliam
485 2963 632 3042 rediens,
659 2964 695 3028 in
723 2965 807 3028 urbe
836 2961 1046 3029 Londinensi
1071 2966 1163 3048 apud
1184 2966 1297 3032 Vetus

348 3063 530 3147 Templum
555 3063 735 3146 quartanis
758 3063 909 3128 febribus
936 3065 1044 3147 coepit
1067 3067 1221 3147 graviter
1243 3066 1297 3133 in-

348 3164 488 3229 firmari.
540 3163 649 3228 Venit
667 3184 751 3246 ergo
772 3165 816 3228 ad
836 3183 915 3227 eum
933 3163 1059 3228 ibidem
1082 3185 1143 3229 rex
1163 3165 1186 3231 J
1189 3168 1298 3232 ohan-

348 3284 421 3341 nes,
443 3271 484 3328 ut
506 3283 584 3327 eum
607 3263 786 3343 visitaret3
810 3262 883 3341 sod,
905 3269 1090 3347 antequam
1110 3267 1297 3346 recederet,

348 3364 391 3428 ad
417 3364 483 3429 viri
514 3364 581 3427 Dei
608 3364 886 3446 praedicationem
914 3369 1160 3429 testamentum
1186 3366 1296 3450 ipsius

348 3463 578 3541 confirmavit,
612 3472 647 3529 et
678 3466 713 3528 in
744 3463 894 3527 Domino
925 3465 1094 3545 promisit,
1124 3467 1214 3548 quod
1255 3468 1298 3531 de

347 3573 472 3629 caetero
488 3572 566 3630 rata
582 3565 723 3629 haberet
739 3570 947 3629 testamenta
970 3565 1192 3630 rationabilia
1210 3587 1296 3649 prae-

346 3665 507 3731 latorum.
560 3665 715 3747 Cumque
732 3663 842 3728 indies
858 3663 1007 3745 languor
1026 3664 1296 3748 ingravesceret,

347 3785 522 3848 nunquam
545 3765 692 3849 alicujus
718 3763 861 3828 consilio
884 3763 1044 3841 cilicium,
1072 3785 1141 3847 quo
1162 3767 1297 3850 jugiter

345 3868 520 3944 utebatur,
535 3867 579 3929 ad
595 3865 714 3929 horam
731 3863 963 3947 permodicam
980 3864 1151 3947 deponere
1166 3867 1277 3932 voluit
1283 3881 1293 3949 ;

346 3967 406 4030 sed
431 3965 607 4050 usquead
636 3972 781 4029 mortem
809 3965 921 4048 magis
945 3963 1179 4030 Cartusiensis
1205 3967 1297 4031 ordi-

604 4192 611 4225 ¹
621 4194 782 4256 latericium]
799 4194 807 4223 ‘
817 4195 973 4258 Hicticinm,'
982 4197 1012 4245 C.
