2858 4876
336 383 402 449 232
596 400 731 446 noomu
756 400 804 445 nn
827 398 1034 446 wnunovnn

175 566 230 605 Α-ῡ·
240 568 296 607 1210-
337 564 605 635 tormentorum3
634 557 725 620 inter
747 574 835 640 quos
857 574 945 620 unus
967 555 1060 639 apud
1083 552 1288 619 Bristollum

339 657 442 720 variis
459 657 668 720 dilaceratus
684 655 876 733 tormentis,
892 675 970 719 cum
990 676 1028 720 se
1042 655 1209 720 redimere
1222 672 1287 716 nec

336 755 439 840 finem
459 757 572 820 facere
589 755 769 834 voluisset,
786 755 894 840 jussit
910 775 973 819 rex
990 756 1179 821 tortoribus
1201 752 1287 830 suis,

336 863 376 919 ut
401 856 522 921 diebus
552 856 698 938 singulis
723 875 830 919 unum
859 874 905 919 ex
933 855 1121 919 molaribus
1143 860 1287 918 excute-

335 964 414 1020 rent
437 957 608 1034 dentibus,
638 957 747 1020 donee
772 955 847 1037 regi
871 955 988 1019 decem
1010 955 1119 1019 millia
1149 971 1286 1016 marcas

334 1057 469 1137 argenti
497 1056 746 1138 persolvisset3
780 1073 927 1137 cumque
953 1055 1091 1120 tandem
1120 1073 1182 1136 per
1209 1052 1286 1115 dies

333 1164 466 1237 septem
489 1163 542 1220 tot
566 1156 687 1222 dentes
711 1174 790 1219 cum
816 1154 1023 1220 intolerabili
1046 1154 1200 1218 cruciatu
1222 1171 1284 1216 ex-

334 1256 535 1333 cussissent,
557 1263 593 1319 et
614 1256 670 1319 die
692 1261 818 1319 octavo
840 1255 952 1319 simile
972 1273 1060 1336 opus
1082 1272 1187 1334 agere
1209 1258 1283 1316 tor·

332 1362 425 1418 tores
437 1355 512 1438 jam
532 1356 753 1437 incepissent,
769 1354 792 1418 J
795 1354 915 1419 udaeus
934 1354 994 1419 ille
1010 1355 1145 1418 utilium
1161 1352 1285 1416 tardus

331 1455 489 1536 provisor
504 1455 598 1519 dedit
615 1455 797 1538 pecuniam
819 1462 1057 1533 memoratam,
1077 1461 1128 1532 ut,
1149 1461 1283 1535 septem

331 1552 492 1618 dentibus
505 1555 647 1634 evulsis,
664 1563 825 1619 octavum
842 1555 908 1620 sibi
923 1555 1060 1619 salvare
1075 1553 1207 1619 liceret.

437 1730 487 1794 Do
501 1728 805 1796 ammonuimus
823 1728 950 1796 Othonis
962 1727 1168 1817 imperotores.

168 1866 318 1918 Theemmor
381 1849 497 1920 Circa¹
513 1857 586 1921 dies
602 1857 688 1921 istos
701 1856 807 1934 Otho,
825 1857 1064 1922 Romanorum
1079 1855 1281 1937 imperator,

167 1918 316 2010 illidii·
328 1975 459 2019 memor
481 1958 687 2021 sacramenti
712 1957 805 2040 quod
828 1957 958 2023 fecerat
980 1976 1057 2020 cum
1078 1975 1099 2018 a
1118 1973 1211 2037 papa
1233 1953 1279 2017 ad

328 2055 507 2138 imperium
535 2055 649 2120 fuerat
668 2058 887 2134 sublimatus
909 2056 1002 2140 quod
1022 2055 1181 2120 videlicet
1203 2054 1280 2136 dig-

329 2157 456 2219 nitates
478 2157 612 2239 imperii
637 2162 857 2221 conservaret
876 2164 912 2221 et
932 2157 1016 2240 jura
1037 2156 1193 2237 dispersa
1214 2174 1279 2237 pro

327 2256 558 2338 possibilitate
584 2276 648 2320 sua
673 2265 865 2334 revocaret,
891 2256 973 2320 fecit
998 2275 1060 2340 per
1082 2273 1278 2318 sacramen·

328 2364 402 2418 tum
419 2357 582 2439 legalium
599 2357 776 2420 homiuum
792 2356 927 2440 imperii
944 2355 1117 2420 dominica
1133 2355 1280 2418 castella

327 2475 392 2518 sua
411 2464 447 2520 et
464 2457 533 2520 alia
550 2457 633 2542 jura
657 2457 700 2521 ad
720 2457 925 2539 dignitatem
948 2455 1159 2539 imperialem
1177 2474 1277 2536 spec-

327 2557 439 2619 tantia
468 2557 632 2640 perquiri,
664 2566 699 2622 et
721 2576 947 2640 quaecumque
978 2576 1040 2639 per
1067 2554 1278 2636 recognitio·

327 2674 404 2720 nom
432 2657 475 2720 ad
494 2657 553 2741 jus
584 2657 719 2740 imperii
745 2663 903 2740 spectare
930 2656 1097 2719 didicerat
1125 2655 1162 2717 in
1191 2672 1277 2718 usus

326 2774 408 2818 suos
425 2764 625 2822 convertere
641 2758 834 2820 laborabat.
866 2755 962 2818 .Hac
977 2762 1092 2819 autem
1110 2755 1152 2818 de
1169 2774 1279 2818 causa

326 2862 404 2919 orta
421 2863 475 2920 est
491 2856 660 2919 dissensio
680 2856 887 2938 gravissima
905 2857 996 2920 inter
1017 2855 1193 2919 domiuum
1211 2874 1275 2937 pa·

326 2973 406 3037 pam
429 2962 464 3019 et
483 2957 725 3038 imperatorem
748 2963 986 3033 memoratum,
1008 2954 1169 3037 eoquod,
1188 2962 1275 3019 tem·

325 3073 410 3135 pore
434 3075 503 3137 quo
520 3057 669 3121 vacabat
686 3056 880 3139 imperium,
899 3055 989 3119 idem
1012 3074 1105 3139 papa
1129 3053 1276 3119 castella

324 3151 473 3235 plurima
503 3175 581 3219 cum
608 3157 713 3220 rebus
742 3157 820 3220 aliis
848 3162 1093 3238 occupaverat,
1119 3173 1198 3239 quae
1228 3155 1274 3219 ad

325 3252 529 3334 dignitatern
546 3255 680 3338 imperii
700 3257 939 3340 pertinebant3
963 3256 1054 3319 unde
1072 3255 1274 3338 imperator,

324 3354 406 3434 quia
434 3356 526 3437 quod
555 3375 655 3420 suum
687 3363 763 3420 erat
789 3375 953 3421 revocare
983 3356 1128 3433 studuit,
1158 3355 1274 3438 ipsum

323 3473 450 3535 papam
472 3457 545 3519 sine
567 3457 689 3520 merito
714 3456 757 3520 ad
782 3456 897 3519 odium
920 3457 1133 3540 provocavit.
1187 3455 1273 3519 Fre-

324 3552 476 3617 dericum
499 3576 649 3638 quoque,
670 3576 787 3638 regem
809 3555 948 3634 Siciliae,
971 3556 1061 3620 idem
1084 3557 1273 3639 imperator

323 3654 477 3733 graviter
507 3663 708 3737 persecutus
731 3663 797 3734 est,
826 3657 886 3739 qui
914 3657 1083 3734 similiter,
1105 3656 1186 3720 dum
1209 3675 1271 3720 va-

323 3753 417 3817 cavit
439 3755 632 3838 imperium,
654 3756 820 3838 quasdam
846 3757 1055 3821 munitiones
1082 3762 1272 3841 occupatas

322 3851 494 3933 detinuit3
518 3857 610 3920 unde
626 3847 727 3938 ‘papa
748 3865 958 3921 memoratus
980 3858 1094 3939 ipsum
1122 3858 1271 3940 impera-

320 3959 429 4017 torem
448 3975 510 4038 per
527 3957 666 4019 nuntios
686 3963 721 4020 et
735 3956 854 4021 literas
869 3956 1068 4040 frequenter
1085 3959 1271 4022 admonere

352 4130 359 4161 ¹
375 4132 448 4181 Circo
465 4131 517 4181 dies
533 4131 625 4194 istra]
654 4132 777 4194 Compare
804 4134 874 4183 Hist.
890 4136 951 4184 xvii.
969 4151 994 4196 p.
1013 4142 1060 4198 ⁸53
1077 4137 1171 4188 Chron.
1188 4139 1221 4188 de
1238 4141 1266 4189 S.

317 4202 358 4252 the
381 4207 488 4252 account
503 4204 538 4263 by
556 4202 636 4265 Brito,
654 4203 714 4252 Rea.
733 4203 778 4253 dee
804 4205 893 4266 Denis,
905 4221 931 4266 p.
945 4210 1002 4256 ³97.
