2858 4876
346 378 413 444 258
600 397 735 444 nouam
760 396 808 442 nn
830 395 1037 444 wnunovnu

186 583 309 625 nunu.
348 573 453 637 quam
478 553 648 636 pedestris
671 552 813 629 ordinis,
836 552 896 634 qui
915 551 1003 615 velis
1032 551 1207 632 prosperis
1227 570 1305 615 ver-

349 673 409 718 sus
443 653 642 718 Flandriam
676 659 899 735 properantes
929 670 992 734 per
1024 658 1162 734 portum
1187 650 1304 714 Swine

350 754 536 818 transitum
557 752 754 831 faciebant3
785 752 845 815 ubi
867 757 1002 816 tantam
1020 751 1162 815 navium
1184 749 1304 814 multi·

350 852 503 918 tudinem
525 852 711 935 stupefacti
738 853 913 916 intuentcs
936 858 972 915 et
992 870 1060 914 non
1086 849 1305 914 mediocriter

350 953 560 1017 admirantes
587 958 836 1034 cognoverunt,
865 951 979 1014 missis
1011 951 1305 1033 exploratoribus,

351 1052 497 1118 classem
519 1071 594 1116 osse
618 1053 710 1134 regis
734 1051 959 1128 Francorum,
986 1070 1064 1133 quae
1085 1050 1168 1113 illuc
1194 1070 1308 1133 nuper

352 1153 553 1229 advenerat,
568 1160 603 1216 ot
616 1153 652 1215 in
671 1152 748 1234 ipsa
765 1151 858 1216 omni
872 1150 943 1214 fere
959 1149 1129 1228 custodia,
1147 1150 1305 1232 exceptis

351 1253 471 1336 paucis
493 1251 693 1328 marinelliS,
712 1270 851 1330 carerc;
875 1251 1032 1314 exierant
1048 1251 1139 1313 enim
1157 1250 1201 1313 ad
1216 1269 1305 1332 prae-

351 1352 503 1416 dandum
519 1353 658 1427 milites,
676 1351 801 1434 quibus
818 1350 996 1432 navigium
1016 1349 1129 1413 fuerat
1145 1350 1306 1413 commis-

352 1471 441 1529 sum,
461 1458 501 1518 ut
515 1459 642 1516 terram
665 1451 799 1515 comitis
823 1450 1046 1514 Flandrensis
1063 1449 1305 1532 depopulando

353 1558 543 1616 vastarent.
576 1550 677 1630 Quod
692 1570 771 1614 cum
786 1551 957 1632 principes
975 1549 1107 1613 militiae
1122 1550 1214 1630 regis
1229 1547 1308 1612 An-

353 1651 487 1732 glorum
502 1651 759 1733 cognovissent,
771 1650 814 1714 ad
832 1669 929 1713 arma
944 1649 1141 1732 prosiliunt,
1159 1649 1308 1713 classem

353 1750 479 1815 acriter
502 1751 683 1828 invadunt,
706 1758 753 1828 et,
772 1751 809 1814 in
833 1750 929 1814 brevi
952 1749 1069 1813 nautis
1095 1749 1308 1834 subjugatis,

353 1850 492 1915 funibus
518 1851 657 1914 navium
685 1850 852 1933 praecisis,
879 1857 1051 1914 trecentas
1074 1868 1120 1913 ex
1144 1849 1206 1927 eis,
1234 1849 1308 1912 fru-

354 1958 485 2028 mento,
504 1951 597 2026 vino,
617 1949 741 2028 farina,
767 1969 882 2028 carne,
908 1950 1013 2013 armis
1039 1968 1081 2014 ac
1099 1951 1202 2013 rebus
1226 1949 1307 2013 aliis

355 2058 511 2127 onustas,
537 2069 658 2114 versus
683 2050 849 2132 Angliam
870 2049 1037 2132 Neptuno
1063 2049 1306 2130 committunt3

355 2170 463 2215 naves
485 2156 653 2233 praeterea
680 2157 818 2214 centum
836 2149 891 2214 vel
919 2168 961 2214 eo
986 2149 1147 2232 amplius,
1169 2149 1306 2233 quaein

356 2251 448 2315 sicco
474 2252 626 2328 stabant,
652 2250 780 2334 injecto
810 2250 891 2332 igne
911 2251 1174 2314 combusserunt
1196 2258 1232 2313 et
1249 2268 1307 2314 ea-

357 2370 431 2414 rum
454 2351 566 2432 spolia
587 2357 788 2432 rapuerunt.
850 2349 894 2412 In
915 2350 981 2413 hoc
1001 2355 1118 2414 autem
1135 2367 1218 2413 casu
1241 2369 1306 2414 rex

357 2450 570 2515 Francorum
584 2457 619 2514 ct
633 2458 709 2514 tota
722 2450 792 2514 fere
803 2451 1036 2514 transmarina
1051 2449 1213 2514 nobilitas
1222 2450 1307 2513 ami-

355 2557 486 2627 serunt,
507 2550 599 2632 quod
622 2550 658 2613 in
683 2552 786 2613 rebus
810 2549 969 2613 humanis
989 2550 1122 2613 dulcius
1145 2550 1309 2631 possede-

354 2657 447 2714 runt.
500 2650 635 2714 Deinde
653 2650 796 2714 comites
821 2649 1040 2714 animositate
1063 2649 1163 2732 quasi
1186 2669 1310 2732 supcr-

354 2749 426 2812 flua
439 2749 586 2822 incitati,
598 2769 676 2813 cum
687 2751 785 2833 equis
802 2757 837 2814 et
846 2750 951 2813 armis
968 2750 1114 2814 navibus
1128 2769 1309 2833 erumpen-

355 2856 420 2926 tes,
445 2848 612 2924 Francos,
637 2850 697 2932 qui
714 2850 759 2912 ab
780 2849 846 2913 hac
869 2849 1078 2932 aufugerant
1095 2849 1205 2926 clade,
1221 2851 1307 2914 viri·

355 2948 435 3012 liter
451 2948 696 3031 insequuntur3
720 2948 781 3012 sed
794 2969 857 3012 rex
868 2949 1092 3027 Francorum,
1106 2949 1167 3032 qui
1181 2949 1225 3012 ab
1240 2949 1307 3014 hoc

355 3048 518 3112 conflictu
537 3068 606 3112 non
624 3048 727 3132 longe
746 3048 879 3127 aberat,
896 3049 990 3114 misit
1003 3050 1131 3113 milites
1140 3058 1307 3127 armatos,

356 3147 540 3230 dequibus
558 3147 741 3231 plurimum
765 3149 971 3226 confidebat,
993 3157 1033 3214 ut
1049 3149 1167 3214 hostes
1186 3168 1306 3232 super·

356 3249 535 3312 venientes
563 3248 702 3330 longius
726 3257 883 3314 arcerent
910 3256 946 3313 ct
973 3249 1033 3332 qui
1061 3256 1176 3313 essent
1202 3269 1308 3332 saga·

356 3349 443 3414 citer
473 3347 707 3430 explorarent,
734 3348 794 3431 qui
826 3349 990 3413 contiuuo
1016 3349 1234 3432 prosilientes
1260 3352 1306 3414 ad

356 3467 452 3512 arma
480 3447 687 3512 adversariis
718 3449 925 3530 quantocius
953 3454 1190 3526 occurrerunt,
1211 3469 1307 3514 com-

354 3547 529 3630 missoque
560 3568 605 3612 ex
635 3547 789 3612 adversis
817 3549 975 3631 partibus
1002 3547 1136 3630 praelio,
1160 3550 1305 3614 comites

354 3647 523 3730 praedicti,
537 3667 606 3712 non
626 3647 700 3710 sino
724 3666 865 3712 suorum
888 3648 1026 3726 damno,
1049 3647 1093 3711 ad
1113 3667 1222 3713 naves
1244 3650 1306 3713 vix

355 3747 465 3830 elapsi
495 3748 612 3830 fugam
648 3755 855 3830 capessunt3
890 3748 958 3812 illis
983 3756 1099 3812 autem
1122 3767 1230 3813 naves
1253 3750 1306 3812 in-

355 3849 496 3928 gressis,
516 3847 743 3929 Francigenae
761 3848 806 3911 ad
823 3868 903 3911 suos
921 3855 1153 3913 revertuntur.
1206 3848 1307 3931 Rege

354 3967 437 4012 vero
455 3947 668 4012 Francorum
685 3948 884 4012 sciscitante
906 3968 927 4012 a
944 3948 1123 4026 militibus,
1143 3948 1226 4029 quid
1249 3968 1308 4014 ac·

355 4053 428 4110 tum
445 4047 578 4125 fuisset,
593 4067 634 4111 ac
648 4047 699 4111 illi
710 4048 770 4130 qui
784 4055 1056 4131 supervenerant
1069 4048 1160 4111 unde
1177 4057 1306 4127 essent,

355 4146 519 4212 dixerunt
536 4147 725 4211 exercitum
743 4166 819 4212 esse
834 4149 925 4232 regis
939 4146 1134 4231 Anglorum
1157 4149 1193 4212 in
1214 4168 1305 4213 aux-
