2858 4876
423 408 563 461 enonas
584 411 857 465 ursronmnum
1053 403 1118 471 197

163 588 247 632 cum
277 570 388 637 multo'
417 572 584 637 cachinno
617 573 883 657 praecipitabant
913 576 949 639 in
980 577 1116 643 foveam
1128 588 1265 689 fflnngv

165 669 371 751 profundam
403 680 438 737 et
467 673 745 752 flammivomam,
777 695 856 759 quae
880 695 979 741 secus
1011 678 1116 761 pedes
1129 689 1231 731 Tuum

166 769 294 835 diaboli
313 770 472 838 librantis
494 782 579 839 erat.
633 774 688 838 De
710 774 907 859 hujusmodi
933 776 1116 844 libratione

166 869 333 935 bonorum
350 880 385 937 et
400 873 568 937 malorum
582 874 619 938 in
634 881 833 940 sanctorum
849 883 986 959 patrum
1008 880 1117 963 scrip·

166 968 211 1033 tis
226 970 354 1054 saepius
370 974 551 1056 reperitur.

163 1141 212 1207 Dc
225 1141 363 1231 quadum
377 1143 498 1221 auimo,
512 1163 606 1228 quum
619 1142 761 1208 deheim
774 1143 809 1208 iu
823 1145 967 1230 equinam
972 1147 1115 1231 summu

492 1243 782 1327 transformaverat.

215 1368 283 1433 Die
293 1388 376 1433 vero
390 1369 526 1433 sabbati
541 1367 634 1434 eirca
646 1368 765 1434 horam
775 1371 1021 1454 vespertinam,
1033 1374 1113 1440 dum

162 1476 256 1535 esset
280 1476 424 1535 sanetus
446 1469 630 1535 Domnnus
657 1489 735 1533 cum
756 1477 878 1536 sancto
904 1471 928 1535 J
930 1472 1047 1537 uliano
1078 1475 1112 1539 in

164 1568 307 1634 basilica
332 1569 492 1653 praefata,
514 1589 593 1634 ecce
613 1587 635 1633 a
654 1570 961 1654 parteaquilonari
977 1572 1113 1639 daemon

157 1668 303 1752 :quidam
320 1669 427 1748 venit,
444 1689 570 1753 equum
585 1670 808 1752 nigerrimum
825 1672 994 1755 praecipiti
1009 1694 1113 1740 cursu

164 1769 381 1852 obequitans,
403 1770 585 1853 ipsumque
606 1788 668 1853 per
689 1770 818 1836 multos
840 1772 1018 1839 anfractus
1034 1794 1112 1840 cum

164 1869 274 1934 multo
304 1870 585 1935 subsannationis
611 1870 735 1953 plausu
765 1871 965 1937 deducendo
992 1894 1113 1957 perur-

165 1989 274 2053 gens3
303 1971 360 2035 cui
386 1970 487 2034 multi
514 1970 697 2052 spirituum
726 1971 954 2054 malignorum
980 1973 1022 2038 de
1050 1975 1112 2039 ad·

163 2069 268 2141 ducta
280 2070 400 2152 praeda
411 2070 456 2135 ad
469 2069 617 2135 invicem
633 2071 877 2137 cachinnantes
891 2092 970 2137 cum
985 2093 1112 2157 magno

163 2169 314 2254 tripudio
341 2171 478 2237 obviam
504 2178 756 2254 processerunt.
802 2171 951 2238 Sanetus
973 2194 1112 2257 quoqne

164 2270 336 2335 Domnius
348 2271 495 2337 daemoni
505 2270 647 2335 mandat
657 2272 839 2356 equitanti,
849 2281 890 2338 ut
899 2273 943 2337 ad
953 2293 990 2338 se
1001 2295 1112 2357 quan·

166 2371 277 2436 tocius
294 2371 412 2436 veniat
428 2380 463 2437 et
478 2370 578 2455 cujus
600 2372 647 2436 sit
661 2372 780 2439 anima
796 2392 900 2454 quam
917 2374 1113 2441 adduxerat

164 2471 297 2552 edicat3
324 2491 392 2555 quo
419 2471 549 2536 diutius
575 2471 814 2536 dissimulante
846 2493 918 2556 prae
943 2475 1111 2541 immenso

165 2571 305 2654 gaudio,
329 2570 421 2654 quod
441 2571 484 2636 de
509 2570 634 2636 misera
654 2573 770 2636 anima
789 2572 950 2653 habebat,
969 2583 1111 2640 sanetus

164 2672 343 2738 confestim
365 2672 540 2755 flagellum
557 2665 725 2756 arripiens
744 2671 935 2737 daemonem
957 2676 1112 2756 graviter

163 2773 370 2851 verberavit,
397 2773 515 2855 sicque
539 2780 697 2836 sanctum
722 2779 862 2837 secutus
888 2774 1007 2838 estad
1036 2796 1113 2839 mu-

93 2919 96 2923 ψ
161 2894 238 2939 rum
258 2873 506 2958 aquilonarem,
527 2873 587 2936 ubi
610 2872 748 2938 libratio
772 2874 955 2938 exstiterat
977 2876 1109 2940 anima-

159 2994 250 3038 rum.
302 2973 437 3037 Deinde
456 2979 598 3037 sanctus
621 2973 813 3055 interrogat
833 2974 1035 3053 daemonem,
1051 2995 1111 3040 cu.

158 3073 218 3158 jus
234 3073 296 3138 illa
311 3073 357 3138 sit
372 3075 499 3151 anima,
514 3093 618 3156 quam
635 3074 685 3138 sic
703 3073 890 3156 equitando
905 3076 1108 3157 torquebat;

162 3175 222 3257 qui
244 3174 306 3252 ait,
332 3173 424 3238 hune
447 3174 556 3237 unum
580 3172 687 3238 fuisse
711 3194 756 3237 ex
785 3175 984 3257 proceribus
1010 3176 1109 3257 regni

163 3274 314 3357 Angliae,
345 3273 406 3356 qni
435 3281 537 3339 nocte
569 3273 777 3357 praecedenti
810 3275 941 3356 absque
976 3275 1110 3340 confes

161 3376 257 3440 sione
283 3382 319 3439 at
339 3374 514 3438 Dominici
539 3375 692 3455 corporis
712 3375 930 3456 perceptione
954 3376 1107 3455 obierat3

162 3482 198 3541 at
220 3475 311 3544 inter
334 3481 461 3539 caetera
487 3473 634 3556 flagitia,
654 3494 732 3556 quae
759 3475 989 3554 commiserat,
1018 3495 1108 3559 prae·

161 3576 262 3659 cipue
294 3593 377 3657 arga
408 3574 564 3639 homines
593 3593 675 3638 suos
703 3573 851 3638 erudelis
881 3576 1034 3640 existens
1065 3577 1109 3640 ad

157 3683 352 3749 extremam
368 3675 522 3758 inopiam
541 3674 668 3739 multos
689 3674 861 3758 perduxit,
885 3675 977 3758 quod
1000 3677 1109 3742 maxia

159 3790 214 3841 me
228 3775 398 3840 instinctu
419 3775 541 3839 uxoris
562 3793 635 3838 suae
656 3775 796 3853 fecerat,
821 3794 899 3858 quae
921 3795 1000 3841 eum
1022 3796 1109 3840 sem·

160 3897 222 3960 per
238 3875 281 3941 ad
297 3875 467 3941 saevitiam
483 3874 652 3939 incitavit.
704 3875 770 3941 ‘Iu
787 3876 949 3959 equinam
963 3876 1108 3941 formam

158 3978 256 4043 illam
269 3975 526 4061 transformavi,
548 3975 630 4057 quia
651 3975 891 4041 damnatorum
914 3977 1046 4041 animas
1069 3977 1110 4041 li·

160 4083 216 4142 cet
243 4076 344 4140 nobis
372 4075 407 4138 in
429 4075 558 4138 formas
578 4076 750 4158 quaslibet
774 4077 1042 4155 transformare3
1075 4085 1110 4141 et

62 4178 65 4183 '
162 4197 253 4242 nunc
262 4175 513 4241 descendissem
533 4196 611 4241 cum
628 4195 669 4239 ea
685 4177 720 4240 in
737 4175 919 4254 infernum,
931 4196 1111 4260 ponerem·
