2858 4876
429 394 568 442 necans
591 395 861 444 nrsrcamnun.
1073 377 1117 440 69

167 567 311 631 rumque
344 548 468 612 iterum
502 549 811 630 apprehendentes,
842 547 1012 612 dirissime
1044 555 1114 612 tor·
1129 564 1252 606 annac
1321 614 1327 621 ,

168 653 285 727 quent,
306 637 411 709 variis
434 647 643 710 cruciatibus
668 646 832 724 afficiunt,
854 647 999 711 vulnera
1023 646 1115 712 infli-

168 751 267 823 gunt,
297 744 450 826 linguam
482 746 693 809 abstractam
724 751 904 826 amputare
928 745 1115 824 minantur,

167 843 233 905 nisi
249 843 455 907 confiteatur
472 843 677 926 quantocius
696 844 889 907 veritatem.
920 854 923 859 “
942 842 1036 906 Puer
1053 862 1116 908 au·

167 947 237 1027 tem
262 941 472 1027 intolerabili
500 937 655 1005 cruciatu
682 941 881 1025 compulsus
906 941 1047 1017 eisdem,
1075 952 1114 1006 ut

165 1057 221 1101 res
247 1057 285 1103 se
310 1039 443 1115 habuit,
466 1039 650 1106 intimavit.
701 1038 751 1104 At
771 1040 823 1105 illi
849 1039 1012 1104 continuo
1032 1031 1114 1104 'haec

167 1137 281 1200 omnia
307 1138 386 1201 duci
412 1138 612 1202 intimantes
637 1138 824 1220 hospitium
851 1139 943 1219 regis
969 1138 1113 1202 circum·
1149 1132 1150 1136 ’

166 1235 311 1312 vallant,
325 1243 372 1313 et,
390 1243 430 1300 ut
444 1243 568 1319 sponte
583 1255 626 1300 se.
638 1237 773 1314 reddat,
789 1237 915 1301 acriter
928 1236 1110 1314 insistunt;

165 1353 227 1397 rex
256 1341 372 1398 autem
399 1334 443 1398 ad
469 1335 750 1399 tumultuantium
773 1335 965 1399 barbariem
989 1353 1112 1399 vocum

164 1433 414 1515 imperterritus
430 1452 585 1510 manens,
602 1451 701 1497 suam
717 1434 922 1516 probitatem
941 1453 1009 1497 non
1025 1453 1112 1516 prae·

164 1531 279 1595 valere
297 1539 418 1597 contra
429 1539 488 1597 tot
503 1533 669 1597 barbaros
691 1533 856 1608 sentiens,
868 1532 975 1616 jussit
990 1531 1112 1595 adesse

164 1630 299 1708 ducem,
316 1631 384 1713 ipsi
407 1630 474 1695 soli
497 1650 534 1695 se
553 1630 766 1695 redditurum
785 1633 1010 1713 promittens;
1031 1629 1112 1694 duci

164 1734 280 1792 autem
309 1729 402 1793 illico
436 1729 638 1794 adventanti
654 1728 657 1748 ¹
673 1749 736 1793 rex
764 1730 903 1794 obviam
930 1729 1110 1813 processit,

164 1821 283 1908 seque¹
308 1827 341 1890 ei
361 1846 438 1890 cum
461 1828 578 1908 gladio
604 1827 756 1892 tradidit.
808 1828 893 1891 Dux
918 1835 1033 1891 autem
1059 1827 1112 1891 hi-

163 1924 246 1988 laris
274 1924 415 1989 effectus
446 1946 562 2008 regem
592 1945 708 1990 secum
736 1926 923 1990 honorifice
951 1921 1111 2002 adduxit,

164 2043 266 2105 quem
303 2023 425 2086 deinde
460 2025 609 2088 strenuis
645 2023 810 2087 militibus
849 2023 1111 2087 custodiendum

57 2183 60 2191 ,
165 2121 317 2197 tradidit,
343 2121 404 2202 qui
428 2121 483 2184 dic
511 2128 683 2201 noctuque
712 2121 841 2185 strictis
871 2121 1010 2184 ensibus
1032 2140 1111 2184 eum

164 2219 291 2300 ubique
319 2217 508 2281 arctissime
538 2216 762 2281 custodirent.
822 2212 943 2295 ²Quod
968 2218 1110 2280 misera·

164 2318 233 2380 bile
246 2315 470 2379 infortunium
486 2335 555 2379 non
572 2315 702 2396 absque
714 2314 959 2397 omnipotentis
970 2314 1111 2379 Domini

160 2415 305 2499 judicio,
321 2413 403 2477 licet
420 2414 519 2478 nobis
535 2413 684 2489 occulto,
701 2413 857 2477 evenisse
875 2412 1111 2477 arbitrandum

166 2521 241 2593 est;
264 2515 338 2579 sive
359 2532 423 2595 pro
445 2513 555 2594 ipsius
576 2513 669 2593 regis
689 2511 830 2576 lubricae
852 2512 967 2576 aetatis
989 2510 1111 2575 erratis

165 2612 390 2694 castigandis,
414 2611 487 2676 sive
512 2630 575 2692 pro
599 2609 812 2674 subditorum
835 2629 975 2674 suorum
1001 2609 1112 2691 culpis

165 2711 338 2786 feriendis,
356 2709 412 2773 vel
433 2709 536 2772 etiam
557 2716 596 2773 ut
615 2709 705 2772 idem
728 2709 790 2772 re'x
810 2709 854 2771 ad
874 2708 1113 2791 poenitentiam

166 2817 201 2873 et
213 2808 484 2873 satisfactionem
498 2826 686 2888 congruam
697 2814 919 2871 revocaretur
935 2826 1039 2890 super
1053 2826 1113 2870 cx·

165 2927 277 2983 cessu,
298 2926 366 2989 quo
385 2912 519 2986 patrem
542 2924 642 2969 suum
658 2906 831 2970 carnalem
850 2905 1040 2971 Hem-icum
1060 2924 1113 2968 re-

166 3002 243 3088 gem
262 3007 353 3069 lecto
374 3003 644 3080 decumbentem,
663 3010 735 3067 tam
753 3003 884 3068 auxilio
903 3023 1007 3085 quam
1028 3021 1113 3067 con·

166 3105 243 3169 silio
266 3104 358 3183 regis
379 3102 603 3178 Francorum,
629 3103 720 3184 apud
744 3103 862 3164 urbem
882 3100 1112 3164 Cenomanni-

166 3203 242 3267 cam
269 3201 446 3266 obsidione
474 3200 644 3279 vallavit3
677 3207 712 3263 et
738 3198 820 3263 licet
844 3218 923 3261 enm
951 3217 1112 3281 corpora-

165 3301 245 3364 liter
268 3300 358 3363 lerro
387 3318 456 3361 non
484 3304 709 3373 mactaverat,
735 3296 863 3362 tamen
877 3296 1005 3361 crebris
1034 3315 1112 3360 enm

167 3398 356 3462 assultibus
376 3395 456 3460 inde
475 3394 633 3459 recedere
647 3395 773 3476 coegit,
797 3395 1113 3476 quae‘omniamor·

168 3494 212 3560 tis
234 3496 310 3579 ejus
332 3492 471 3559 causam
492 3492 678 3574 ingessisse
698 3512 767 3556 non
789 3500 842 3557 est
860 3491 1111 3574 ambigendum.

168 3594 297 3659 Eodem
327 3613 419 3657 anno
448 3590 645 3668 Savaricus',
674 3590 1037 3674 Northamptoniensis
1060 3609 1113 3652 ar·

166 3693 399 3768 chidiaconus,
426 3691 556 3754 electus
583 3691 696 3754 estin
723 3691 930 3772 episcopum
945 3687 1114 3752 Bathoni·

217 3896 315 3961 ¹Sepac
332 3897 355 3945 ei
373 3912 427 3946 cum
447 3895 532 3958 gladic
552 3894 629 3943 trudi·
653 3896 680 3945 iu
696 3884 825 3945 therama
842 3884 985 3955 authcr‚p.
1003 3886 1060 3943 721,

166 3969 227 4029 ott]
245 3969 368 4027 Compare
386 3965 552 4026 Hoved'en,p
555 3968 632 4024 ,717,

168 4038 218 4085 and
240 4036 282 4084 the
309 4035 383 4083 letter
404 4035 432 4083 oi
451 4035 494 4083 the
517 4047 632 4095 emperor
690 4026 780 4084 ’Quod
790 3992 1115 4088 miserabilciqsortusiamJ

169 4121 235 4167 upon
257 4104 299 4154 the
327 4108 431 4164 capture
459 4104 488 4152 ol
512 4102 634 4163 Richard,
657 4096 883 4159 &scertamen
894 4100 951 4147 832,
