2858 4876
320 402 385 466 332
583 416 717 463 nonum
742 416 789 462 nr
813 415 1020 463 wnunovnr

148 590 270 658 nono.
315 581 384 636 tem
408 573 567 635 auferens
587 572 682 655 ipsos
703 572 882 637 obsidione
901 572 1059 637 vallavit.
1114 572 1274 656 Cumque

155 1491 224 1530 nerto
233 1489 257 1528 ol

155 1541 221 1588 Hugh
231 1541 257 1579 de

155 1591 231 1630 Boves.

315 693 377 736 rex
408 673 578 754 petrarias
608 680 643 736 et
666 673 752 736 alias
785 672 963 736 machinas
995 674 1088 736 cirea
1121 681 1273 737 castrum

315 772 531 849 collocasset,
551 772 703 836 inclusos
725 773 899 854 lapidibus
923 773 1073 836 assiduis
1090 780 1125 836 et
1142 774 1273 837 crebris

316 873 462 935 telorum
476 871 603 955 jaculis
622 873 747 935 acriter
763 871 971 951 infestabat;
995 873 1119 935 inclusi
1135 892 1274 955 quoque

316 971 466 1034 insultus
489 992 607 1035 eorum
631 991 732 1054 aequo
755 969 905 1036 ferentes
927 972 1042 1036 animo
1067 991 1144 1035 sese
1166 972 1271 1036 virili-

318 1078 369 1134 ter
394 1070 636 1148 defendebant,
666 1071 852 1154 hostesque
878 1091 900 1135 a
925 1072 1031 1134 muris
1056 1091 1172 1136 arcere
1198 1070 1275 1135 lon-

318 1171 396 1252 gius
420 1178 631 1255 satagentes.

550 1349 600 1411 De
614 1356 708 1411 morte
722 1347 865 1431 Hupoois
880 1347 917 1411 de
932 1348 1038 1412 Bonos.

368 1470 477 1535 Venit
492 1469 625 1534 interea
646 1469 754 1551 Hugo
773 1470 815 1533 de
834 1470 962 1546 Boves,
987 1469 1084 1532 miles
1107 1475 1270 1531 strenuus
1310 1491 1321 1505 ·

318 1570 378 1632 sed
404 1573 572 1651 superbus
598 1578 634 1633 et
656 1571 809 1652 iniquus,
832 1570 876 1632 ad
901 1576 1037 1651 portum
1064 1567 1211 1632 Calesiae
1235 1569 1271 1631 in

321 1670 484 1733 Flandria
507 1690 585 1733 cum
609 1670 789 1733 innumera
814 1668 1035 1732 multitudine
1058 1674 1270 1731 armatorum

319 1770 352 1832 in
374 1769 542 1833 auxilium
566 1770 657 1852 regis
675 1769 883 1851 Anglorum,
902 1770 961 1832 ubi
982 1788 1058 1830 cum
1082 1774 1158 1830 tota
1180 1768 1269 1831 mul-

318 1869 464 1933 titudine
496 1890 560 1933 sua
591 1889 699 1933 naves
733 1870 911 1951 ingressus
939 1887 1062 1931 versus
1094 1867 1270 1932 Doveram

320 1970 398 2032 vela
423 1969 570 2051 dirigere
597 1970 803 2050 satagebat3
836 1969 896 2032 sed
922 1969 1037 2032 subita
1066 1974 1272 2050 tempestate

319 2070 473 2145 suborta,
504 2075 691 2151 antequam
722 2068 953 2132 desideratam
989 2068 1203 2150 pervenisset
1226 2068 1271 2130 ad

319 2176 468 2250 portum,
501 2162 738 2250 ¹naufragium
771 2169 926 2251 perpessi
960 2187 1078 2231 omnes
1115 2168 1152 2229 in
1184 2168 1273 2230 mari

319 2268 487 2331 submersi
503 2275 584 2332 sunt
599 2276 634 2332 et
649 2289 670 2332 a
686 2269 847 2331 fluctibus
865 2267 1033 2332 devorati.
1087 2266 1272 2350 Projectus

320 2375 373 2431 est
395 2368 507 2432 dictus
533 2368 642 2450 Hugo
666 2369 703 2431 in
728 2369 857 2432 siccum
881 2387 951 2430 non
980 2367 1083 2448 longe
1111 2386 1133 2429 a
1155 2375 1271 2448 portu,

319 2469 379 2550 qui
398 2461 634 2532 ²Gernemeue
657 2468 864 2550 appellatur,
886 2488 964 2531 cum
983 2467 1060 2530 aliis
1083 2468 1272 2531 innumeris

320 2567 485 2631 militibus
513 2575 549 2632 et
570 2568 814 2644 servientibus,
849 2575 953 2649 atque
983 2568 1019 2630 in
1043 2567 1128 2630 locis
1155 2566 1271 2631 diver-

320 2668 368 2729 sis
385 2668 420 2729 in
439 2668 500 2729 illa
517 2669 621 2731 meris
644 2675 743 2749 parte
762 2668 798 2730 in
816 2669 984 2748 portubus
1008 2667 1154 2748 singulis
1171 2669 1272 2731 tanta

319 2765 494 2828 hominum
528 2775 563 2830 et
593 2767 774 2830 mulierum
812 2767 996 2830 multitudo
1029 2767 1171 2830 inventa
1204 2770 1270 2845 est,

321 2866 413 2948 quod
441 2866 546 2928 etiam
577 2886 690 2931 aerem
713 2866 825 2949 ipsum
849 2885 912 2928 sua
936 2866 1116 2948 putredine
1143 2866 1270 2930 infece-

320 2972 422 3044 runt;
453 2965 585 3029 inventi
613 2973 695 3029 snut
717 2974 887 3048 praeterea
915 2966 1138 3047 parvulorum
1167 2967 1270 3029 innu-

320 3083 415 3127 mera
437 3064 634 3142 multitudo,
658 3066 718 3147 qui
741 3065 775 3128 in
801 3067 872 3128 suis
897 3067 1075 3129 cunabulis
1102 3067 1271 3130 submersi

321 3165 414 3226 etin
447 3172 574 3228 terram
605 3165 752 3248 projecti
785 3165 903 3229 multis
936 3166 1098 3229 horribile
1135 3173 1272 3247 specte·

321 3263 435 3326 culum
459 3266 691 3345 praebuerunt.
756 3264 841 3329 Dati
867 3272 949 3328 sunt
972 3265 1120 3347 denique
1151 3285 1271 3330 omnes

321 3363 439 3426 bestiis
459 3357 582 3428 ³maris
598 3372 633 3428 et
650 3365 725 3452 eseli
744 3365 942 3429 volatilibus
961 3365 1002 3428 ad
1025 3365 1272 3441 devorandum,

321 3463 371 3526 ita
394 3463 486 3544 quod
512 3483 575 3527 nec
597 3483 658 3545 pes
682 3484 770 3527 unus
792 3483 836 3527 ex
863 3464 1094 3547 quadraginta
1118 3465 1271 3529 millibus

321 3561 497 3626 hominum
514 3563 615 3627 vivus
633 3564 753 3627 evasit.
801 3564 909 3628 Venit
925 3584 1008 3645 ergo
1025 3565 1069 3627 ad
1087 3564 1152 3628 hoc
1169 3584 1272 3629 omne

322 3681 431 3742 genus
452 3662 627 3726 hominum
652 3663 687 3726 in
708 3663 874 3745 Angliam
900 3684 978 3727 curn
1005 3665 1205 3727 mulieribus
1230 3684 1272 3729 ac

322 3762 488 3842 parvulis,
511 3770 563 3839 ut,
580 3763 734 3844 expulsis
755 3763 926 3845 indigenis
951 3783 972 3827 a
995 3783 1102 3845 regno
1120 3771 1155 3827 et
1172 3766 1271 3846 peni-

321 3952 379 3986 rons
401 3937 561 3998 themselves,
585 3943 652 3986 went
674 3953 733 3986 over
754 3942 780 3986 to
792 3935 794 3975 l
806 3937 887 3999 eaped
903 3937 966 3986 from
982 3936 1025 3985 the
1042 3936 1140 3998 wreok,
1154 3937 1201 3985 but
1216 3937 1273 3988 that

321 4007 363 4054 the
374 4007 459 4068 hiug's
469 4011 560 4069 party3
575 4007 742 4071 coggeshale,
753 4024 781 4068 p.
807 4009 815 4035 ‘
826 4009 858 4056 ab
869 4008 961 4069 Anglis
977 4007 1109 4068 intercepti
1125 4007 1271 4057 luctuosum

322 4080 377 4125 109.
807 4079 938 4126 subierunt
948 4071 1122 4138 ergastulum}
1132 4092 1159 4138 p.
1173 4080 1229 4125 109.

357 4144 364 4174 ¹
378 4146 543 4209 Naufragium
556 4147 665 4215 perpessi
681 4148 781 4210 omnm]
841 4144 1034 4209 memorerm]
1051 4161 1080 4194 or
1092 4147 1100 4173 ‘
1113 4147 1272 4198 anmouth.'

322 4214 480 4278 coggeshale
498 4221 575 4266 states
587 4218 642 4267 thot
658 4232 725 4267 some
743 4231 782 4266 es·
841 4212 965 4286 ὃΜανὶε,]
983 4218 1096 4278 wanting
1107 4216 1133 4264 in
1146 4217 1176 4265 C.
