2858 4876
176 579 231 620 Am.
242 577 298 619 120⁷.

177 2362 316 2402 orderoithe

178 2413 297 2454 umentes.

335 386 401 451 210
586 399 720 448 uocum
745 399 792 445 nu
817 397 1024 445 wnuoovnn

338 576 428 621 mam
460 563 595 640 partem
628 575 673 619 ex
712 555 869 619 omnibus
905 554 1088 618 mobilibus
1120 561 1155 619 et
1187 556 1290 619 rebus

339 657 429 734 aliis,
454 664 527 721 tam
553 655 596 719 de
622 656 720 719 laicis
746 674 850 738 quam
875 655 958 719 viris
981 654 1223 719 ecclesiasticis
1254 665 1290 718 et

339 756 506 842 praelatis,
522 756 655 821 cunctis
670 755 964 819 murmurantibus
980 754 1040 818 sod
1054 755 1291 819 contradicere

340 878 410 922 non
439 855 671 934 audentibus3
704 856 800 919 solus
827 854 1029 932 (laufridus,
1059 854 1289 938 archiepisco-

339 976 405 1041 pus
422 957 662 1033 Eboracensis,
682 976 751 1020 non
768 955 997 1048 consentiens,
1014 955 1075 1019 sed
1090 955 1192 1037 plane
1208 976 1289 1020 con-

340 1057 525 1134 tradicens,
541 1056 697 1120 clanculo
710 1056 853 1120 recessit
868 1057 912 1118 ab
921 1053 1064 1137 Anglia‚
1080 1056 1165 1119 etin
1179 1075 1290 1120 reces-

339 1177 381 1221 su
406 1177 470 1221 suo
492 1175 611 1220 omnes
631 1157 838 1238 specialiter,
856 1156 968 1238 quiin
991 1155 1289 1238 archiepiscopatu

340 1257 551 1321 Eboracensi
572 1256 661 1320 hanc
683 1257 840 1339 rapinam
864 1254 1029 1332 facerent,
1052 1256 1140 1319 etin
1164 1275 1291 1337 genere

339 1357 519 1422 universos
549 1356 703 1421 ecclesiae
734 1356 808 1420 sive
836 1375 948 1418 rerum
978 1355 1291 1420 ecclesiasticarum

339 1458 530 1534 invasores,
548 1456 777 1520 anathematis
793 1456 965 1519 sententia
980 1455 1171 1521 innodavit.
1218 1457 1297 1520 Ea«

339 1556 416 1621 dem
434 1563 640 1639 tempestate
658 1557 750 1620 circa
772 1563 908 1619 noctem
925 1555 1073 1618 mediam
1087 1563 1212 1620 ventus
1228 1577 1289 1622 ve·

339 1656 480 1722 hemens
508 1664 544 1720 ct
565 1657 764 1739 repentinus
794 1656 1039 1738 superveniens
1069 1655 1216 1721 aedificia
1238 1657 1291 1720 di·

339 1758 422 1834 ruit,
444 1759 583 1821 arbores
609 1757 809 1839 prostravit,
834 1774 916 1820 oves
939 1762 974 1820 et
998 1763 1155 1820 armenta
1178 1776 1289 1840 exag-

339 1857 469 1939 geratis
494 1857 632 1921 nivibus
659 1864 760 1921 sexto
782 1854 950 1920 kalendas
974 1856 1155 1928 Februarii
1179 1857 1288 1922 inter-

339 1956 389 2021 ire
408 1957 533 2039 coegit.
591 1949 739 2021 ¹Eodem
759 1975 852 2021 anno
872 1956 1061 2038 imperator
1081 1955 1174 2021 Otho
1193 1959 1289 2023 venit

338 2057 375 2120 in
396 2055 573 2139 Angliam,
591 2064 638 2135 et,
653 2057 772 2120 habito
792 2055 964 2139 colloquio
979 2076 1058 2120 cum
1076 2076 1157 2139 rege
1176 2076 1288 2123 avun-

340 2156 419 2222 culo
436 2176 512 2234 suo,
531 2157 633 2221 rediit
654 2157 834 2221 interram
857 2175 968 2234 suam,
991 2157 1142 2239 acceptis
1162 2178 1184 2221 a
1206 2161 1288 2242 rege

339 2257 506 2339 praedicto
523 2257 676 2340 quinque
690 2257 841 2320 millibus
857 2257 982 2321 marcis
996 2258 1143 2339 argenti.

384 2357 455 2422 Sub
472 2356 525 2420 his
541 2357 662 2421 diebus
679 2357 936 2440 praedicatores,
950 2357 1010 2439 qui
1025 2358 1191 2440 appellati
1208 2368 1291 2424 sunt

340 2457 507 2535 Minores,
525 2457 664 2522 favente
687 2477 779 2540 papa
803 2456 1020 2535 Innocentio,
1042 2458 1158 2522 subito
1177 2478 1287 2523 emer·

339 2564 461 2638 gentes
485 2564 611 2621 terram
640 2557 872 2640 repleverunt,
901 2555 1096 2622 habitantes
1127 2558 1163 2621 in
1195 2561 1296 2624 urbi-³

338 2658 403 2721 bus
427 2664 462 2721 et
484 2657 684 2735 civitatibus
708 2657 787 2721 deni
809 2663 844 2720 et
866 2657 1012 2739 septeni,
1035 2657 1121 2722 nihil
1148 2661 1295 2726 omnino.

339 2757 567 2840 possidentes,
592 2756 636 2820 de
663 2757 844 2838 evangelio
871 2758 1039 2834 viventes
1065 2757 1100 2820 in
1130 2758 1224 2824 victu
1252 2768 1289 2825 et

339 2859 469 2922 vestitu
496 2863 736 2941 paupertatem
763 2858 901 2920 nimiam
930 2857 1164 2940 praeferentes,
1187 2860 1293 2924 nudis

339 2957 484 3039 pedihus
502 2957 711 3034 incedentes,
734 2957 923 3021 maximum
945 2956 1149 3022 humilitatis
1171 2979 1290 3025 exem·

340 3057 609 3138 plumomnihus
624 3058 857 3140 praebuerunt.
893 3057 1026 3122 Diebus
1040 3066 1156 3123 autem
1170 3060 1294 3125 Domi.
1326 3088 1332 3098 ·

340 3156 428 3220 nicis
444 3164 480 3221 et
494 3158 627 3222 festivis
640 3157 685 3242 de
705 3156 778 3220 suis
794 3157 1001 3222 habitaculis
1017 3166 1183 3241 exeuntes
1199 3181 1289 3244 prae-

340 3255 542 3322 dicaverunt
563 3258 600 3320 in
623 3256 776 3321 ecclesiis
796 3257 1051 3341 parochialibus
1071 3247 1291 3342 evangelium

340 3358 448 3433 verbi,
471 3357 612 3421 edentes
633 3365 668 3422 et
687 3357 844 3421 bibentes
864 3377 942 3439 quae
964 3357 1056 3440 apud
1075 3358 1154 3422 illos
1178 3370 1291 3440 erant,

187 3534 190 3541 ¹
262 3472 265 3476 ’
340 3456 467 3539 quihus
498 3455 644 3521 officium
674 3457 929 3539 praedicationis
952 3457 1197 3540 impendebat3
1231 3464 1291 3544 qui

339 3556 376 3619 in
407 3576 520 3620 rerum
552 3556 740 3622 caelestium
768 3557 1058 3641 contemplatione
1083 3565 1182 3623 tanto
1212 3581 1291 3644 per·

340 3656 547 3738 spicaciores
579 3663 662 3720 sunt
691 3657 837 3734 inventi,
861 3664 992 3741 quanto
1020 3676 1041 3720 a
1072 3659 1175 3722 rebus
1203 3680 1293 3743 prae-

341 3757 448 3821 sentis
475 3757 583 3821 seculi
606 3764 641 3821 et
661 3757 858 3821 carnalibus
873 3757 1006 3822 deliciis
1023 3760 1296 3841 comprobantur.

339 3937 384 3999 ing
399 3937 455 3987 that
469 3937 512 3986 the
536 3937 653 3987 church’e
681 3941 802 4000 property
827 3937 971 4000 leyAnnuls
979 3937 1011 3986 he
1020 3937 1043 3986 is
1051 3937 1105 3987 said
1116 3937 1213 3988 to-have
1220 3935 1292 3990 coine

339 4021 394 4056 was
409 4007 505 4070 wholly
516 4008 627 4069 unequal
643 4012 669 4057 to
683 4008 726 4055 the
742 4009 802 4057 bur·
827 4022 886 4056 over
896 4008 922 4055 in
932 4011 1005 4069 12⁰8,
1016 4007 1067 4056 and
1079 4009 1105 4056 in
1116 4008 1298 4073 theubridged

338 4077 407 4126 then.
828 4078 932 4139 history,
944 4077 1054 4127 inserted
1065 4078 1092 4126 in
1102 4078 1144 4128 the
1156 4077 1214 4130 MS.
1225 4080 1289 4130 from

345 4172 350 4179 ·
375 4144 383 4176 ¹
394 4147 482 4197 Eodem
492 4141 579 4216 abac]
600 4147 632 4196 ln
643 4147 686 4197 the
698 4147 802 4197 Waver·
828 4147 997 4211 Ooggeshale,
1007 4147 1034 4196 in
1047 4151 1121 4198 12⁰9.
