2858 4876
401 427 539 476 rnonss
562 428 830 476 ursrorunnuu.
1022 412 1088 478 293

140 592 275 663 tenura,
289 587 326 649 in
348 605 418 668 qua
439 606 576 651 eramus
592 587 758 669 praedicto
775 589 830 652 die
847 587 1223 672 Jovis,usquel.u.12u.

139 685 183 749 ad
199 686 384 768 praedictos
401 688 553 770 quinque
565 706 675 752 annos
692 689 893 771 completos.
928 687 994 753 Isti
1006 698 1088 755 sunt

140 785 327 851 dictatores
342 793 377 851 et
394 786 631 852 emendatores
647 787 750 872 hujus
768 795 900 869 treugae
917 789 1007 853 inter
1024 808 1087 854 nos

138 892 173 948 et
195 905 312 968 regem
329 884 468 968 Angliae
489 886 600 965 datae3
628 907 672 951 cx
695 896 794 969 parto
816 895 947 965 nostra,
968 888 1009 952 P.
1025 888 1087 953 Sa·

140 986 228 1063 vari,
255 984 370 1049 Guido
401 984 548 1070 Turpio,
571 989 678 1051 abbas
704 987 846 1072 majoris
877 990 1086 1064 monasterii,

131 1080 187 1149 G.
223 1085 485 1150 archidiaconus
517 1084 757 1167 Turonensis3
798 1108 843 1152 ex
870 1095 970 1170 parte
998 1088 1089 1169 regis

140 1185 348 1267 Anglorum,
367 1185 413 1248 H.
433 1186 475 1250 de
499 1186 630 1269 Burgo,
648 1187 883 1252 seneschallus
908 1188 1088 1263 Pictaviae,

143 1284 189 1349 R.
206 1285 249 1349 de
268 1285 450 1364 Pontibus,
475 1287 582 1350 abbas
606 1287 718 1351 sancti
742 1287 765 1352 J
769 1287 914 1352 ohannis
936 1287 1089 1368 Anglici,

141 1385 293 1449 decanus
305 1385 587 1450 Cristatonensis.
620 1388 667 1451 Et
678 1407 797 1451 omnes
814 1388 873 1451 isti
882 1387 1090 1471 juraverunt

141 1486 232 1550 hona
252 1485 331 1563 fide,
350 1485 442 1568 quod
460 1506 523 1568 pro
540 1486 692 1551 dissidiis
706 1496 741 1551 et
755 1488 903 1570 querelis
920 1488 1090 1562 omnibus,

142 1605 221 1667 quae
245 1585 335 1650 forte
365 1596 579 1668 emergerent
606 1588 642 1650 in
674 1586 845 1664 Pictavia,
873 1585 1089 1669 Andagavia,

142 1685 326 1749 Britannia
343 1686 398 1750 vel
420 1685 607 1764 Turonica,
631 1688 836 1751 convenient
863 1687 907 1751 ad
931 1688 1091 1751 abbatem

141 1784 185 1848 do
196 1785 403 1865 Fulcireles;
428 1794 463 1850 et
480 1806 543 1869 pro
558 1787 635 1850 aliis
649 1787 809 1870 querelis,
826 1806 904 1868 quae
918 1786 1007 1850 forte
1021 1788 1090 1850 ori·

143 1898 246 1950 entur
267 1887 303 1948 in
324 1885 512 1963 Bituresio,
537 1885 721 1964 Arvernia,
745 1888 779 1950 in
802 1887 970 1951 comitatu
993 1887 1091 1950 Mar-

140 1984 228 2050 ohiae
244 1992 279 2049 et
295 1985 491 2063 Lemovico,
514 1987 770 2051 convenientia
787 1985 943 2067 partibus
962 1985 1031 2049 illis
1047 1985 1090 2049 ad

142 2085 383 2168 corrigendum
398 2084 581 2150 excessus?
626 2087 756 2150 Eodem
775 2093 929 2168 tempore
946 2085 1091 2150 Richar-

142 2185 221 2263 dus,
251 2184 514 2249 Saresbiriensis
552 2185 714 2263 decanus,
752 2187 796 2250 ad
828 2184 1092 2264 cicestrensem,

142 2285 322 2350 Walterus
333 2285 376 2348 de
391 2283 636 2368 Grai,Angliae
646 2287 884 2365 cancellarius
898 2286 943 2352 ad
954 2285 1093 2369 Wigor-

143 2385 308 2462 niensem,
335 2385 498 2449 ecclesias
525 2386 677 2468 episcopi
704 2388 896 2452 consecrati
922 2393 1004 2449 sunt
1030 2404 1093 2466 per

142 2504 283 2549 manum
293 2483 472 2566 Stephani,
486 2485 736 2569 archiepiscopi
746 2484 1093 2559 cantuariensister-

143 2586 192 2650 tio
215 2604 325 2649 nonas
343 2583 516 2649 Octobris.
569 2586 638 2650 His
661 2589 765 2649 otiam
788 2585 908 2648 diebus
930 2602 993 2647 rex
1017 2578 1092 2645 An-

142 2684 279 2766 glorum
294 2683 317 2748 J
320 2684 486 2763 ohannes,
502 2685 651 2767 expletis
668 2684 811 2767 agendis
834 2684 906 2747 suis
928 2683 962 2745 in
986 2681 1094 2764 parti·

142 2785 208 2848 bus
234 2787 485 2861 transmarinis,
512 2784 614 2847 rediit
641 2785 678 2847 in
703 2784 866 2868 Angliam
889 2790 1013 2866 quarto
1037 2781 1095 2846 de-

144 2885 233 2950 cimo
251 2884 418 2950 kalendas
437 2884 673 2949 Novembris.

223 3063 273 3127 Dc
287 3061 433 3148 colloquio
447 3085 469 3126 o
485 3060 649 3226 doceatque
663 3062 787 3148 Aapliae
801 3071 907 3126 contro
924 3082 1021 3148 repom

538 3162 596 3227 cele
615 3171 694 3227 roto.

196 3288 268 3352 Sub
287 3287 406 3351 eadem
427 3295 632 3371 tempestate
654 3281 906 3351 ¹convenerunt
927 3286 970 3350 ad
990 3286 1235 3392 collo-mgr

145 3387 264 3470 quium
298 3387 388 3470 apud
423 3395 583 3451 sanctum
617 3386 860 3450 Eadmundum
888 3387 1030 3450 comites
1061 3395 1196 3450 etsubs-

1108 3449 1233 3492 Edmnnd's.

143 3488 291 3551 barones
312 3485 451 3569 Angliae
483 3486 583 3568 quasi
610 3487 725 3568 gratia
758 3487 936 3562 orationis,
958 3487 1040 3549 licet
1058 3485 1095 3548 in

143 3606 252 3651 causa
275 3585 369 3650 aliud
394 3586 537 3666 fuisset3
567 3605 659 3662 narn,
682 3605 760 3649 cum
783 3587 842 3649 diu
865 3587 967 3650 simul
989 3594 1022 3650 et
1040 3604 1094 3649 se·

144 3686 273 3751 cretius
296 3692 446 3751 tractare
472 3688 670 3767 coepissent,
696 3685 866 3767 producta
892 3687 1002 3749 estin
1025 3705 1094 3748 me·

145 3785 241 3849 dium
259 3785 381 3851 charta
396 3785 556 3868 quaedam
576 3786 669 3866 regis
685 3784 831 3848 Henrici
856 3786 970 3868 primi,
991 3803 1095 3866 quam
1113 3866 1124 3882 .

181 3945 190 3977 ¹
202 3949 370 3997 Convenerunt
388 3981 430 3998 ...
444 3981 451 3997 .
469 3946 567 3995 comites
584 3951 609 3994 et
636 3942 719 4008 king's
731 3947 877 4009 justiciary,
887 3947 946 3995 who
957 3947 1097 4007 ‘potestate

145 4012 269 4085 boma]
289 4016 343 4066 The
359 4017 494 4078 Waverley
510 4016 608 4065 Annals
636 4030 684 4065 sua
701 4031 750 4064 non
768 4018 831 4065 bene
850 4021 925 4065 utens
944 4017 1005 4064 iram
1025 4016 1098 4065 baro·

145 4088 265 4138 attribute
282 4087 332 4137 this
351 4087 453 4150 general
468 4086 610 4135 discontent
637 4101 696 4134 num
715 4088 826 4135 converti
846 4086 940 4137 fecerat
955 4089 1041 4135 contra
1058 4099 1097 4133 re-

146 4157 176 4208 ol
192 4157 235 4207 the
251 4159 343 4206 barons
358 4161 385 4206 to
401 4156 443 4206 the
460 4156 569 4206 conduct
584 4157 613 4205 ol
638 4150 710 4219 gem}
721 4172 747 4218 p.
761 4160 816 4207 180.

146 4229 234 4293 Peter,
245 4227 335 4292 bishop
347 4226 376 4277 oi
389 4226 556 4290 winchester,
568 4227 610 4275 the
