2858 4876
425 409 563 458 ruerus
588 408 858 458 utsrormuuu.
1069 394 1116 461 45

162 567 259 647 bant,
286 576 453 651 egerunt3
481 568 612 653 sicque,
639 568 716 633 Deo
738 567 888 646 volente,
910 574 1027 632 actum
1050 576 1115 647 est,
1129 583 1250 624 etv-¹¹⁹1·

164 678 203 733 ut
219 669 330 734 omnis
346 670 408 734 illa
423 670 519 752 regio
536 671 711 735 maritima
727 689 848 735 versus
865 668 1005 753 plagam
1020 669 1116 734 illam

164 782 346 853 caperetur
372 776 409 835 et
435 778 539 854 capta
561 790 583 835 a
605 769 821 836 Christicolis
852 769 1116 849 inhabitaretur,

165 870 247 934 licet
269 890 337 934 non
359 872 435 935 sine
458 872 558 953 gravi
586 870 893 947 certaminebelli,
917 889 995 934 cum
1018 889 1118 935 euer-¹

165 971 255 1034 citus
272 970 449 1035 Salaadini
465 989 602 1052 semper
619 990 641 1034 a
657 971 766 1036 latere
787 971 978 1035 exercitum
997 968 1116 1039 Chris·

164 1071 338 1139 tianorum
372 1072 640 1154 subsequeretur
675 1078 780 1155 atque
816 1071 907 1137 acies
943 1076 1117 1135 extremas

165 1171 201 1235 in
223 1171 308 1235 locis
335 1171 594 1255 angustioribus
625 1172 777 1253 graviter
804 1172 997 1249 infestaret,
1025 1171 1117 1239 unde

166 1279 202 1336 et
227 1271 270 1335 de
294 1279 442 1356 utroque
471 1272 627 1336 exercitu
659 1272 797 1355 plurimi
823 1274 952 1356 saepius
978 1291 1115 1337 corrue·

166 1380 259 1439 runt.
304 1373 450 1438 Munitis
470 1373 581 1455 igitur
602 1372 801 1438 civitatibus
819 1371 1030 1458 jamdictis,
1053 1392 1115 1439 rex

166 1474 370 1558 magnificus
412 1473 610 1547 Richardus
649 1471 773 1539 Achon
808 1474 911 1538 rediit
940 1492 1019 1540 cum
1053 1472 1115 1541 tri-

166 1575 308 1657 nmpbo.

167 1734 175 1742 ..
215 1674 285 1740 Sed
313 1673 388 1740 haec
417 1694 495 1759 quae
525 1675 676 1741 diximus
699 1674 826 1740 clarius
855 1674 1063 1753 elucescent,
1085 1674 1272 1776 sigffffiffrw

166 1776 349 1859 epistolam
363 1777 468 1859 regiS,
478 1796 582 1861 quam
591 1776 763 1855 Waltero,
775 1774 1051 1858 Rothomagensi
1062 1795 1117 1840 ar·
1128 1787 1243 1878 mem

166 1875 398 1963 chiepiscopo‚
412 1877 539 1943 direxit
555 1898 619 1961 pro
634 1877 755 1942 eodem
772 1877 921 1961 negotio,
938 1876 993 1943 hic
1007 1896 1117 1960 pona·

167 1998 257 2056 mus.
280 1985 290 2015 ⁸
305 1977 513 2057 sichardus,
534 1978 601 2044 Dei
617 1978 732 2061 gratia
753 1997 816 2042 rex
832 1975 982 2059 Angliae,
999 1986 1035 2041 et
1051 1996 1118 2042 cae·

167 2086 255 2144 tera.
298 2078 478 2145 Noveritis
500 2078 675 2143 dominum
695 2097 813 2160 regem
836 2077 1049 2142 Francorum
1073 2077 1118 2142 ad

167 2178 309 2262 propria
332 2195 526 2258 remeasse3
549 2186 597 2255 et,
619 2177 729 2241 ruinis
749 2178 978 2261 scissurisque
993 2176 1118 2243 Achon

168 2278 321 2345 civitatis
343 2277 525 2364 reparatis,
549 2277 594 2341 ad
615 2278 887 2361 promovendum
913 2277 1118 2346 christiani-

169 2379 269 2456 tatis,
282 2378 460 2462 negotium
488 2385 524 2444 et
551 2377 782 2462 prosequendi
803 2378 877 2443 voti
902 2378 1012 2445 nostri
1039 2398 1120 2462 pro·

168 2482 320 2567 positum
342 2478 434 2563 apud
456 2477 480 2543 J
482 2498 596 2563 oppen
617 2479 684 2570 iter
709 2477 927 2568 arripuimus,
945 2486 981 2544 et
1002 2480 1118 2544 nobis·

169 2601 246 2647 cum
278 2580 351 2644 dux
366 2627 368 2630 ψ
382 2567 606 2662 Burgundiae'
623 2598 702 2644 cum
722 2577 970 2661 ¹Francigenis,
1003 2598 1118 2644 comes

170 2682 353 2756 Henricus
368 2700 446 2745 cum
468 2680 552 2758 suis,
575 2687 610 2744 et
632 2679 732 2743 multi
756 2679 816 2744 alli
837 2681 980 2746 comites
1002 2686 1037 2744 et
1057 2681 1118 2743 ba·

169 2801 283 2848 renes.
315 2781 472 2864 Cumque
486 2782 576 2845 inter
590 2778 714 2846 Achon
730 2787 766 2845 et
778 2779 802 2845 J
805 2790 917 2864 oppon
933 2780 1118 2865 plurimum
1199 2828 1201 2832 Α
1271 2806 1275 2812 <

168 2890 263 2948 esset
284 2883 434 2966 spatium
454 2887 490 2946 et
508 2887 640 2946 tractus
662 2882 797 2946 viarum
819 2880 999 2964 prolixior,
1025 2878 1118 2963 apud

170 2984 368 3055 Caesaream
395 2981 534 3053 tandem
563 3001 641 3045 cum
669 2981 779 3046 multo
804 2981 928 3045 sudore
952 2981 1120 3064 gravique

168 3085 287 3154 labore
317 3089 513 3153 nostrorum
542 3081 796 3159 descendimus,
827 3087 863 3147 et
892 3081 968 3164 ipse
998 3080 1120 3146 Salac,

170 3186 273 3249 dinus
306 3186 342 3249 in
375 3183 494 3248 eodem
522 3183 646 3249 itinere
673 3181 716 3247 de
745 3183 817 3245 suis
848 3181 1120 3266 quamplurimos

172 3286 300 3352 amisit.
352 3282 440 3348 Cum
457 3283 607 3368 populus
631 3282 699 3347 Dei
717 3282 843 3346 ibidem
865 3280 1119 3366 aliquantulum

171 3391 374 3471 repausaret
393 3385 485 3468 apud
507 3382 531 3452 J
534 3403 659 3468 oppen,
679 3401 798 3453 sumus
819 3383 888 3449 iter
906 3385 1120 3467 propositum

172 3485 369 3572 prosecuti3
397 3492 445 3564 et,
465 3492 585 3550 nostra
608 3483 766 3552 custodia
785 3490 961 3566 praeeunte
986 3490 1023 3548 et
1044 3502 1121 3549 cas.

171 3597 229 3654 tra
249 3587 343 3670 apud
365 3583 534 3651 Assuram
554 3590 719 3663 metante,
743 3583 950 3649 Sulaadinus
971 3602 1050 3650 cum
1064 3604 1120 3650 ve·

171 3687 324 3758 hementi
346 3705 558 3772 paganorum
584 3686 724 3755 incursu
744 3704 849 3769 super
865 3684 1022 3751 ultimam
1043 3704 1121 3751 cus-

173 3790 484 3856 todiem‘nostram
509 3786 676 3870 impetum
698 3786 840 3862 faciens,
866 3784 993 3854 divinae
1016 3786 1121 3851 mise·

172 3890 318 3958 rationis
348 3887 462 3972 gratia
490 3884 641 3965 favente,
675 3905 697 3952 a
727 3892 877 3972 quatuor
907 3886 1121 3953 solummodo

170 3990 325 4072 aciebus,
348 4008 427 4072 quae
451 3987 490 4053 in
516 3986 629 4055 fronte
652 3987 685 4052 ei
710 3987 872 4071 opposita
892 3993 1002 4064 erant,
1027 4006 1121 4052 com·

175 4089 296 4174 pulsus
323 4088 441 4154 estin
471 4086 603 4170 fugam,
631 4088 812 4172 ipsumque
842 4087 1032 4170 fugientem
1060 4106 1122 4170 per

173 4191 307 4256 leucam
335 4207 440 4254 unam
468 4195 548 4254 sunt
572 4189 778 4272 prosecutae,
802 4194 1004 4271 tantamque
1032 4195 1124 4273 stra,
