2858 4876
346 389 412 454 218
603 405 739 453 nocent
762 406 810 452 ns
832 405 1039 454 wsrvnovsa

186 582 310 650 arsag.
348 564 489 629 idoneos
515 566 718 643 destinares,
748 564 793 628 ad
824 571 859 628 te
887 564 1027 627 minime
1054 572 1295 646 pervenerunt,

183 633 337 773 {lffilit'ar
348 672 384 729 et
416 665 576 758 monachi
611 664 894 741 cantuarienses,
930 664 1088 746 quamvis
1125 683 1188 747 pro
1218 664 1297 728 aliis

273 761 279 773 '
348 766 498 846 negotiis
526 765 570 829 ad
593 772 688 829 tuam
715 765 937 847 praesentiam
970 763 1212 841 accessissent,
1233 784 1297 846 pro

347 864 557 948 postulando
578 871 693 928 tamen
712 883 881 928 consensu
899 883 963 928 nec
982 864 1103 927 literas
1122 883 1187 927 nec
1206 883 1296 927 nun-

347 966 416 1029 tios
436 964 647 1031 direxerunt.
696 964 798 1029 Unde
823 964 927 1027 iidem
950 964 1065 1027 nuntii
1086 982 1164 1026 cum
1187 964 1298 1027 multa

342 1066 446 1129 nobis
472 1065 640 1129 instantia
672 1065 923 1148 supplicarunt,
953 1070 1124 1145 quatenus
1154 1083 1199 1127 ex
1227 1082 1298 1145 quo

347 1165 445 1228 nobis
461 1160 671 1248 complacuit
685 1165 774 1228 banc
791 1164 853 1228 tibi
871 1163 1168 1228 honorificentiam
1187 1182 1297 1226 reser-

340 1285 441 1343 -vare,
463 1273 503 1329 ut
519 1264 677 1330 monachi
690 1263 959 1328 Cantuarienses
981 1264 1115 1344 regium
1140 1264 1297 1346 postula·

341 1375 425 1429 -rent
450 1384 641 1443 assensum,
669 1365 834 1447 quoniam
865 1364 931 1428 hoc
955 1362 1085 1428 factum
1113 1383 1183 1428 non
1209 1371 1297 1440 erat,

346 1465 545 1529 dilationem
564 1484 753 1546 congruam
778 1465 965 1528 concedere
987 1463 1220 1546 dignaremur,
1241 1465 1297 1527 in·

346 1563 400 1627 fra
419 1584 522 1647 quam
539 1571 657 1648 posset
675 1564 711 1628 id
731 1564 817 1642 fieri,
840 1584 883 1628 ne
901 1563 974 1648 juri
993 1570 1055 1627 tuo
1080 1564 1298 1645 contingeret

344 1663 517 1746 derogari.
570 1663 702 1728 Contra
725 1683 910 1747 personam
935 1663 1036 1727 electi
1062 1663 1228 1746 quiddam
1250 1664 1296 1727 ad

345 1763 503 1827 ultimum
533 1771 778 1847 proponentes,
809 1763 901 1847 quod
931 1783 1009 1826 cum
1040 1763 1221 1828 manifeste
1249 1766 1296 1828 sit

345 1863 486 1940 factum,
512 1865 639 1928 ostium
668 1865 736 1928 oris
762 1864 922 1928 claudere
952 1863 1171 1943 debuissent3
1203 1883 1294 1946 prar-

344 1965 463 2027 sertim
488 1984 578 2041 cum,
610 1964 641 2028 si
666 1984 785 2029 verum
814 1976 917 2040 esset,
941 1963 1191 2046 promotionem
1218 1964 1295 2047 ejus

340 2063 414 2146 jam
447 2063 612 2147 impedire
639 2084 708 2128 non
733 2070 862 2146 posset.
915 2062 1014 2128 Licet
1047 2070 1162 2127 autem
1190 2082 1297 2145 super

345 2164 568 2228 electionibus
596 2164 688 2247 apud
711 2164 826 2227 sedem
858 2164 1084 2246 apostolicam
1111 2163 1294 2228 celebratis

343 2283 415 2327 non
443 2265 662 2328 consueverit
693 2282 856 2328 assensus
890 2263 1056 2347 principis
1084 2266 1294 2347 exspectari,

343 2363 414 2427 duo
432 2371 547 2428 tamen
571 2362 730 2427 monachi
751 2363 891 2428 fuerunt
910 2363 1106 2445 specialiter
1125 2363 1293 2448 deputati,

345 2470 385 2528 ut
412 2464 455 2527 ad
483 2470 519 2528 te
548 2484 611 2547 pro
638 2464 843 2546 requirendo
870 2482 1014 2527 assensu
1038 2465 1208 2541 venirent,
1233 2466 1295 2547 qui

345 2563 438 2645 apud
463 2563 667 2628 Ydivoriam
700 2564 840 2627 fuerunt
867 2565 1003 2640 retenti,
1032 2571 1073 2628 ut
1098 2563 1293 2647 injunctum

341 2663 412 2726 sibi
428 2664 629 2728 mandatum
643 2664 786 2746 exsequi
804 2683 872 2727 non
888 2663 1066 2741 valerent;
1091 2671 1126 2728 et
1136 2664 1292 2746 praefatae

346 2761 456 2825 literae
472 2762 514 2825 de
531 2765 811 2845 procuratoribus
832 2763 876 2827 ad
899 2770 1053 2827 nostram
1071 2764 1293 2845 praesentiam

342 2861 558 2925 ¹destinandis
587 2863 657 2927 tuis
691 2863 829 2928 fuerunt
863 2864 994 2927 nuntiis
1024 2864 1224 2946 assignatae,
1253 2866 1293 2944 n‘t

346 2980 405 3025 eas
423 2962 486 3025 tibi
502 2962 649 3027 fideliter
665 2970 926 3046 praesentarent.
974 2963 1050 3026 Nos
1066 2964 1216 3046 quoquc,
1233 2968 1293 3047 qui

346 3080 450 3143 super
472 3062 614 3125 eandem
636 3064 815 3127 ecclesiam
835 3063 1119 3128 cantuariensem
1143 3064 1294 3146 plenitu—

345 3161 460 3225 dinem
480 3162 664 3245 potestatis
680 3162 857 3240 habemus,
873 3163 1006 3245 regium
1021 3182 1126 3245 super
1139 3163 1204 3228 hoc
1219 3163 1296 3247 dig-

345 3262 419 3325 nati
437 3280 555 3326 sumus
572 3262 757 3345 implorare
775 3263 938 3343 savorem.
963 3263 1010 3327 Et
1027 3282 1147 3327 cursor
1164 3272 1294 3342 noster,
1363 3325 1369 3330 .

344 3362 404 3442 qui
433 3363 643 3444 apostolicas
671 3363 733 3426 tibi
764 3363 882 3426 literas
912 3364 1149 3445 praesentavit,
1175 3364 1294 3428 literas

344 3480 484 3543 quoque
500 3461 624 3543 prioris
640 3481 682 3525 ac
701 3461 959 3541 monachorum,
979 3463 1040 3545 qui
1061 3482 1106 3526 ex
1129 3464 1294 3529 mandato

345 3560 452 3623 totius
474 3561 619 3643 capituli
646 3561 845 3626 cantuariae
871 3562 1129 3627 celebraverant
1154 3563 1294 3629 electio·

345 3679 422 3722 nem
450 3659 686 3739 memoratam,
714 3681 817 3744 super
842 3680 985 3726 assensu
1011 3663 1160 3746 petendo
1187 3666 1294 3746 regiae

342 3759 549 3825 sublimitati
563 3761 728 3844 porrexit.
782 3761 934 3845 Ideoque
949 3782 1017 3826 non
1030 3762 1178 3826 vidimus
1195 3783 1295 3846 opor-

344 3865 417 3922 tere
443 3860 569 3938 denuo,
597 3860 775 3944 posthaec
800 3863 925 3939 omnia,
954 3864 1087 3944 regium
1116 3864 1293 3945 postulare

344 3978 549 4024 consensum
562 3980 571 4040 3
595 3962 654 4025 sed
672 3961 757 4025 illud
772 3980 875 4043 agere
892 3962 1135 4045 disposuimus,
1150 3982 1218 4027 non
1233 3964 1294 4028 de,

344 4059 511 4124 clinantes
523 4060 568 4124 ad
585 4062 743 4125 dextram
753 4062 810 4126 vel
825 4062 868 4125 ad
886 4062 1073 4138 sinistram,
1087 4062 1178 4145 quod
1194 4082 1292 4127 sanc·

343 4164 455 4222 torum
473 4167 610 4242 patrum
628 4161 803 4225 canonicae
818 4163 1016 4226 sanctiones
1036 4169 1194 4226 statuunt
1209 4163 1294 4229 faci-
