2858 4876
433 397 862 448 rnonnsfflsroamauu.
1078 384 1123 448 53

171 552 352 634 capicium,
369 574 432 637 per
446 574 586 620 arenam
601 563 636 620 et
653 576 751 636 saxa,
769 577 839 621 non
854 558 929 622 sinc
946 558 1119 641 pontificis
1132 575 1188 616 sn.
1198 579 1255 619 rm.

169 650 320 716 laesione.
373 655 569 720 servientes
595 657 672 739 ejus
696 657 835 721 tandem
861 665 1056 735 occurrunt,
1079 666 1119 723 ut

169 750 344 815 dominum
370 754 568 832 liberarent,
599 756 756 819 sednon
787 763 1001 839 potuerunt3
1037 776 1117 821 nam

168 851 316 932 populus
338 872 417 916 cum
441 854 629 918 insatiabili
655 855 758 919 corde
777 855 873 919 illum
894 876 1117 939 persequens,

169 951 292 1027 verbis,
321 952 432 1036 alapis
458 960 494 1017 et
516 953 627 1037 sputis
654 954 929 1032 dehonestatum,
952 975 1014 1038 per
1042 956 1116 1039 pla·

169 1054 243 1112 teas
258 1049 462 1115 distractum
479 1053 515 1115 in
532 1052 681 1135 quodam
703 1054 843 1118 cellario
864 1055 929 1117 sub
951 1056 1116 1120 carcerali

169 1150 327 1213 custodia
343 1151 535 1216 includunt.
568 1152 626 1216 Sic
644 1152 764 1234 utique
777 1153 890 1217 factus
907 1154 1010 1217 estin
1025 1154 1115 1218 deri·

167 1266 243 1309 sum
266 1251 359 1313 omni
380 1252 521 1332 populo,
544 1252 604 1334 qui
625 1244 774 1315 ¹utinam
793 1271 831 1316 so
851 1253 964 1316 solum
985 1260 1021 1317 et
1044 1273 1115 1317 non

167 1348 396 1412 sacerdotium
424 1351 651 1432 inquinasset,
674 1357 806 1415 tractus
829 1358 884 1415 est
911 1352 972 1434 qui
1001 1353 1114 1416 archi·

167 1446 366 1530 episcopum
403 1447 654 1514 Eboracensem
693 1447 860 1527 traxerat,
899 1457 1023 1534 captus
1053 1453 1114 1534 qui

167 1554 318 1627 ceperat,
342 1548 470 1630 ligatus
498 1550 558 1631 qui
581 1549 766 1631 ligaverat,
793 1551 1027 1615 incarceratus
1052 1551 1113 1633 qui

166 1645 453 1725 incarceraverat,
485 1656 526 1712 ut
554 1649 743 1712 secundum
773 1650 1001 1731 quantitatem
1038 1650 1112 1713 cul-

166 1764 220 1826 pae
236 1747 414 1827 quantitas
434 1767 549 1830 poenae
565 1749 882 1813 commensurabilis
899 1741 1110 1813 ²haberetur.

164 1842 333 1923 Tandem,
349 1849 474 1929 spretis
492 1848 667 1925 obsidibus
687 1856 792 1931 atque
802 1849 1001 1931 juramento
1018 1849 1111 1931 quod

166 1942 305 2022 fecerat,
327 1965 365 2009 se
387 1965 455 2009 non
481 1967 695 2011 recessurum
721 1967 744 2011 a
763 1967 871 2028 regno
887 1945 1027 2027 Angliae
1051 1967 1113 2011 an·

165 2052 303 2124 tequam
331 2046 476 2109 castella
502 2046 737 2122 redderentur,
764 2046 856 2109 idem
887 2045 1112 2109 cancellarius

165 2150 290 2222 quarto
328 2143 495 2208 kalendas
533 2143 742 2209 Novembris
786 2145 822 2207 in
860 2143 1113 2208 Normanniam

166 2241 416 2306 transfretavit.

445 2387 532 2451 Nota
549 2407 613 2451 ram
627 2386 817 2452 imadiiam.

215 2501 361 2572 Eodem³
395 2528 487 2573 anno
511 2509 651 2593 juvenis
675 2509 814 2592 quidam
840 2509 883 2572 de
909 2508 1011 2572 domo
1036 2507 1109 2590 epi·
1123 2530 1264 2572 amosa

163 2609 259 2691 scopi
286 2607 543 2672 Londoniarum
566 2609 691 2686 nisum,
716 2628 817 2690 quem
840 2608 973 2684 habuit,
993 2582 1215 2672 docuit⁸¹¹⁸'¹'

163 2707 327 2771 cercelles
357 2709 560 2790 propensius
587 2707 768 2787 affectare3
802 2709 920 2789 itaque
946 2705 991 2770 ad
1016 2707 1111 2770 soni·

164 2814 238 2868 tum
255 2807 347 2870 illius
362 2808 593 2884 instrumenti,
610 2806 703 2890 quod
720 2826 742 2870 a
758 2806 967 2889 ripatoribus
983 2804 1110 2870 thabur

164 2907 373 2983 nominatur,
399 2908 513 2970 subito
531 2907 677 2971 corcella
703 2906 852 2988 quodam
878 2905 1011 2969 alarum
1033 2924 1111 2987 per-

163 3003 287 3069 niciter
313 3006 455 3086 remigio
478 3006 642 3070 evolavit.
705 3005 815 3070 Nisus
843 3011 959 3068 autem
985 3003 1109 3066 illusus

164 3104 283 3187 lupum
315 3103 485 3186 quendam
513 3112 549 3168 et
578 3105 706 3168 lucium
737 3105 774 3167 in
800 3102 903 3166 undis
931 3109 1109 3166 natantem

164 3203 358 3285 intercepit,
382 3203 511 3267 invasit
536 3213 571 3266 et
600 3203 757 3285 arripuit,
784 3208 820 3265 et
848 3221 953 3284 super
978 3201 1109 3264 aridam

163 3322 226 3384 per
240 3303 402 3385 spatium,
419 3303 509 3365 sicut
523 3302 715 3378 videbatur,
738 3300 967 3383 quadraginta
985 3299 1110 3382 pedum

164 3420 239 3464 sese
255 3421 333 3465 cum
349 3419 441 3464 nova
458 3400 576 3482 praeda
591 3401 732 3482 recepit.
783 3399 976 3481 Episcopus
993 3404 1109 3461 autem

163 3500 293 3564 insoliti
318 3517 419 3562 casus
446 3499 601 3562 novitate
627 3499 840 3580 stupefactus
864 3498 977 3560 nisum
999 3503 1035 3559 et
1056 3497 1110 3560 lu·

163 3618 258 3680 pum,
272 3598 397 3662 suturis
412 3597 537 3660 seculis
553 3598 821 3674 memorabilem,
844 3596 1025 3660 undecimo
1047 3594 1108 3658 ka-

164 3697 284 3762 lendas
301 3697 510 3762 Novembris
527 3696 551 3760 J
553 3697 682 3761 ohanni
697 3697 814 3761 comiti
830 3695 1032 3759 transmisit.

199 3896 208 3929 ¹
220 3899 343 3962 Utinam]
360 3897 481 3947 ‘Utinam
498 3911 525 3947 se
543 3897 623 3946 solum
648 3897 778 3957 ventry,in
785 3893 869 3943 which
880 3893 923 3942 the
934 3892 1076 3942 chancellor
1086 3892 1110 3942 is

165 3970 319 4019 sacerdotem
330 3973 357 4017 et
372 3982 421 4016 non
440 3969 524 4030 ipsum
541 3981 625 4016 sacer·
649 3963 1111 4026 called‘virsapiens,amabilis,gene·

162 4041 259 4087 dotium
268 4038 447 4098 inquinasset3'
464 4038 624 4098 ibidpuol.
649 4033 1111 4095 rosus,benignus,etmitis,etinom·

199 4101 378 4174 meleretum]
394 4107 446 4156 ¹See
461 4108 502 4155 the
513 4108 587 4155 letter
599 4107 628 4155 os
649 4120 694 4154 nes
702 4104 865 4153 liberalitates
875 4102 971 4150 effusus
980 4101 996 4160 3’
1013 4116 1040 4162 p.
1049 4105 1107 4151 766.

164 4176 275 4227 Peterof
283 4175 624 4237 BloistothebishoposGo-
684 4169 881 4231 medanam]
902 4171 1004 4232 niceto,
1013 4185 1040 4232 p.
1051 4173 1109 4219 666.
