<?xml version="1.0" encoding="UTF-8"?>
<!DOCTYPE html PUBLIC "-//W3C//DTD XHTML 1.0 Transitional//EN"
    "http://www.w3.org/TR/xhtml1/DTD/xhtml1-transitional.dtd">
<html xmlns="http://www.w3.org/1999/xhtml" xml:lang="en" lang="en">
 <head>
  <title>
</title>
<meta http-equiv="Content-Type" content="text/html;charset=utf-8" />
  <meta name='ocr-system' content='tesseract 3.04.00' />
  <meta name='ocr-capabilities' content='ocr_page ocr_carea ocr_par ocr_line ocrx_word'/>
</head>
<body>
  <div class='ocr_page' id='page_1' title='image "./rogeridewendove06rogegoog_0221.png"; bbox 0 0 2858 4876; ppageno 0'>
   <div class='ocr_carea' id='block_1_1' title="bbox 327 389 1031 455">
    <p class='ocr_par' dir='ltr' id='par_1_1' title="bbox 327 389 1031 455">
     <span class='ocr_line' id='line_1_1' title="bbox 327 389 1031 455; baseline -0.014 0"><span class='ocrx_word' id='word_1_1' title='bbox 327 389 393 455; x_wconf 79' lang='lat'>212</span> <span class='ocrx_word' id='word_1_2' title='bbox 594 403 728 450; x_wconf 81' lang='lat' dir='ltr'>uncum</span> <span class='ocrx_word' id='word_1_3' title='bbox 753 402 800 449; x_wconf 85' lang='lat' dir='ltr'>nn</span> <span class='ocrx_word' id='word_1_4' title='bbox 823 399 1031 448; x_wconf 82' lang='lat' dir='ltr'>wnunovnn</span> 
     </span>
    </p>
   </div>
   <div class='ocr_carea' id='block_1_2' title="bbox 167 555 1282 1544">
    <p class='ocr_par' dir='ltr' id='par_1_2' title="bbox 167 555 1282 1544">
     <span class='ocr_line' id='line_1_2' title="bbox 167 555 1281 643; baseline -0.012 -13"><span class='ocrx_word' id='word_1_5' title='bbox 167 579 221 620; x_wconf 60' lang='lat' dir='ltr'>Ab·</span> <span class='ocrx_word' id='word_1_6' title='bbox 233 579 289 619; x_wconf 79' lang='lat'>¹²⁰⁷·</span> <span class='ocrx_word' id='word_1_7' title='bbox 312 564 450 629; x_wconf 83' lang='lat' dir='ltr'>electio</span> <span class='ocrx_word' id='word_1_8' title='bbox 466 570 543 627; x_wconf 87' lang='lat' dir='ltr'>rata</span> <span class='ocrx_word' id='word_1_9' title='bbox 556 561 749 627; x_wconf 90' lang='lat' dir='ltr'>haberetur.</span> <span class='ocrx_word' id='word_1_10' title='bbox 786 561 945 642; x_wconf 89' lang='lat' dir='ltr'>Denique</span> <span class='ocrx_word' id='word_1_11' title='bbox 963 555 1281 643; x_wconf 75' lang='lat' dir='ltr'>post&#39;longas&#39;hin&#39;c</span> 
     </span>
     <span class='ocr_line' id='line_1_3' title="bbox 330 656 1281 747; baseline -0.012 -18"><span class='ocrx_word' id='word_1_12' title='bbox 330 671 365 729; x_wconf 90' lang='lat' dir='ltr'>et</span> <span class='ocrx_word' id='word_1_13' title='bbox 380 664 466 728; x_wconf 89' lang='lat' dir='ltr'>inde</span> <span class='ocrx_word' id='word_1_14' title='bbox 484 664 764 747; x_wconf 65' lang='lat' dir='ltr'>disceptationes</span> <span class='ocrx_word' id='word_1_15' title='bbox 784 680 862 725; x_wconf 91' lang='lat' dir='ltr'>cum</span> <span class='ocrx_word' id='word_1_16' title='bbox 886 659 1045 724; x_wconf 91' lang='lat' dir='ltr'>dominus</span> <span class='ocrx_word' id='word_1_17' title='bbox 1065 676 1158 741; x_wconf 89' lang='lat' dir='ltr'>papa</span> <span class='ocrx_word' id='word_1_18' title='bbox 1177 656 1281 720; x_wconf 60' lang='lat' dir='ltr'>intelss</span> 
     </span>
     <span class='ocr_line' id='line_1_4' title="bbox 329 757 1282 847; baseline -0.007 -20"><span class='ocrx_word' id='word_1_19' title='bbox 329 764 474 828; x_wconf 86' lang='lat' dir='ltr'>lexisset</span> <span class='ocrx_word' id='word_1_20' title='bbox 500 769 618 847; x_wconf 89' lang='lat' dir='ltr'>partes</span> <span class='ocrx_word' id='word_1_21' title='bbox 650 764 687 827; x_wconf 92' lang='lat' dir='ltr'>in</span> <span class='ocrx_word' id='word_1_22' title='bbox 718 762 855 825; x_wconf 92' lang='lat' dir='ltr'>unicam</span> <span class='ocrx_word' id='word_1_23' title='bbox 886 763 1079 842; x_wconf 84' lang='lat' dir='ltr'>personam</span> <span class='ocrx_word' id='word_1_24' title='bbox 1096 757 1282 822; x_wconf 91' lang='lat' dir='ltr'>convenire</span> 
     </span>
     <span class='ocr_line' id='line_1_5' title="bbox 329 857 1281 948; baseline -0.009 -20"><span class='ocrx_word' id='word_1_25' title='bbox 329 883 399 930; x_wconf 90' lang='lat' dir='ltr'>non</span> <span class='ocrx_word' id='word_1_26' title='bbox 423 884 537 948; x_wconf 89' lang='lat' dir='ltr'>posse,</span> <span class='ocrx_word' id='word_1_27' title='bbox 556 870 660 946; x_wconf 90' lang='lat' dir='ltr'>atque</span> <span class='ocrx_word' id='word_1_28' title='bbox 680 869 862 944; x_wconf 89' lang='lat' dir='ltr'>utramque</span> <span class='ocrx_word' id='word_1_29' title='bbox 885 859 1086 923; x_wconf 82' lang='lat' dir='ltr'>electionem</span> <span class='ocrx_word' id='word_1_30' title='bbox 1103 857 1226 921; x_wconf 88' lang='lat' dir='ltr'>vitiose</span> <span class='ocrx_word' id='word_1_31' title='bbox 1246 865 1281 920; x_wconf 91' lang='lat' dir='ltr'>et</span> 
     </span>
     <span class='ocr_line' id='line_1_6' title="bbox 331 958 1281 1052; baseline -0.008 -25"><span class='ocrx_word' id='word_1_32' title='bbox 331 984 399 1028; x_wconf 92' lang='lat' dir='ltr'>non</span> <span class='ocrx_word' id='word_1_33' title='bbox 422 963 609 1045; x_wconf 90' lang='lat' dir='ltr'>secundum</span> <span class='ocrx_word' id='word_1_34' title='bbox 627 981 804 1045; x_wconf 87' lang='lat' dir='ltr'>sacrorum</span> <span class='ocrx_word' id='word_1_35' title='bbox 824 979 993 1043; x_wconf 91' lang='lat' dir='ltr'>canonum</span> <span class='ocrx_word' id='word_1_36' title='bbox 1013 958 1281 1052; x_wconf 24' lang='lat' dir='ltr'>sanctiones-ce·</span> 
     </span>
     <span class='ocr_line' id='line_1_7' title="bbox 330 1048 1280 1141; baseline -0.009 -13"><span class='ocrx_word' id='word_1_37' title='bbox 330 1051 498 1129; x_wconf 89' lang='lat' dir='ltr'>lebratam</span> <span class='ocrx_word' id='word_1_38' title='bbox 521 1064 639 1141; x_wconf 86' lang='lat' dir='ltr'>fuisse,</span> <span class='ocrx_word' id='word_1_39' title='bbox 662 1063 704 1126; x_wconf 96' lang='lat' dir='ltr'>de</span> <span class='ocrx_word' id='word_1_40' title='bbox 729 1059 872 1126; x_wconf 93' lang='lat' dir='ltr'>oonsilio</span> <span class='ocrx_word' id='word_1_41' title='bbox 895 1048 1120 1124; x_wconf 71' lang='lat' dir='ltr'>cardinalium</span> <span class='ocrx_word' id='word_1_42' title='bbox 1140 1070 1280 1121; x_wconf 88' lang='lat' dir='ltr'>suorum</span> 
     </span>
     <span class='ocr_line' id='line_1_8' title="bbox 331 1157 1282 1244; baseline -0.008 -16"><span class='ocrx_word' id='word_1_43' title='bbox 331 1167 450 1228; x_wconf 87' lang='lat' dir='ltr'>ambas</span> <span class='ocrx_word' id='word_1_44' title='bbox 473 1164 637 1239; x_wconf 83' lang='lat' dir='ltr'>cassavit,</span> <span class='ocrx_word' id='word_1_45' title='bbox 659 1163 817 1244; x_wconf 89' lang='lat' dir='ltr'>partibus</span> <span class='ocrx_word' id='word_1_46' title='bbox 845 1159 1060 1224; x_wconf 83' lang='lat' dir='ltr'>districtione</span> <span class='ocrx_word' id='word_1_47' title='bbox 1090 1157 1282 1240; x_wconf 91' lang='lat' dir='ltr'>apostolica</span> 
     </span>
     <span class='ocr_line' id='line_1_9' title="bbox 330 1256 1281 1344; baseline -0.006 -18"><span class='ocrx_word' id='word_1_48' title='bbox 330 1264 537 1328; x_wconf 83' lang='lat' dir='ltr'>interdicens</span> <span class='ocrx_word' id='word_1_49' title='bbox 571 1270 606 1327; x_wconf 93' lang='lat' dir='ltr'>et</span> <span class='ocrx_word' id='word_1_50' title='bbox 638 1282 700 1344; x_wconf 88' lang='lat' dir='ltr'>per</span> <span class='ocrx_word' id='word_1_51' title='bbox 728 1261 934 1342; x_wconf 83' lang='lat' dir='ltr'>sententiam</span> <span class='ocrx_word' id='word_1_52' title='bbox 965 1256 1177 1324; x_wconf 83' lang='lat' dir='ltr'>definitivam</span> <span class='ocrx_word' id='word_1_53' title='bbox 1210 1260 1281 1321; x_wconf 83' lang='lat' dir='ltr'>sta·</span> 
     </span>
     <span class='ocr_line' id='line_1_10' title="bbox 330 1358 1280 1442; baseline -0.007 -14"><span class='ocrx_word' id='word_1_54' title='bbox 330 1370 444 1442; x_wconf 90' lang='lat' dir='ltr'>tuens,</span> <span class='ocrx_word' id='word_1_55' title='bbox 462 1384 505 1426; x_wconf 92' lang='lat' dir='ltr'>ne</span> <span class='ocrx_word' id='word_1_56' title='bbox 521 1364 705 1427; x_wconf 87' lang='lat' dir='ltr'>decaetero</span> <span class='ocrx_word' id='word_1_57' title='bbox 724 1361 768 1425; x_wconf 92' lang='lat' dir='ltr'>ad</span> <span class='ocrx_word' id='word_1_58' title='bbox 792 1360 1107 1442; x_wconf 87' lang='lat' dir='ltr'>archiepiscopatus</span> <span class='ocrx_word' id='word_1_59' title='bbox 1131 1358 1280 1422; x_wconf 87' lang='lat' dir='ltr'>honores</span> 
     </span>
     <span class='ocr_line' id='line_1_11' title="bbox 329 1462 879 1544; baseline -0.011 -14"><span class='ocrx_word' id='word_1_60' title='bbox 329 1465 496 1544; x_wconf 74' lang='lat' dir='ltr'>alteruter</span> <span class='ocrx_word' id='word_1_61' title='bbox 511 1464 696 1528; x_wconf 91' lang='lat' dir='ltr'>electorum</span> <span class='ocrx_word' id='word_1_62' title='bbox 715 1462 879 1544; x_wconf 89' lang='lat' dir='ltr'>adspiret.</span> 
     </span>
    </p>
   </div>
   <div class='ocr_carea' id='block_1_3' title="bbox 350 1633 1258 1821">
    <p class='ocr_par' dir='ltr' id='par_1_3' title="bbox 350 1633 1258 1821">
     <span class='ocr_line' id='line_1_12' title="bbox 350 1633 1258 1721; baseline -0.002 -22"><span class='ocrx_word' id='word_1_63' title='bbox 350 1636 400 1699; x_wconf 80' lang='lat' dir='ltr'>De</span> <span class='ocrx_word' id='word_1_64' title='bbox 407 1635 597 1721; x_wconf 79' lang='lat' dir='ltr'>promotione</span> <span class='ocrx_word' id='word_1_65' title='bbox 613 1644 640 1699; x_wconf 83' lang='lat' dir='ltr'>et</span> <span class='ocrx_word' id='word_1_66' title='bbox 655 1636 878 1700; x_wconf 79' lang='lat' dir='ltr'>consecratione</span> <span class='ocrx_word' id='word_1_67' title='bbox 896 1635 1041 1721; x_wconf 66' lang='lat' dir='ltr'>magistri</span> <span class='ocrx_word' id='word_1_68' title='bbox 1056 1633 1206 1720; x_wconf 56' lang='lat' dir='ltr'>Stephani</span> <span class='ocrx_word' id='word_1_69' title='bbox 1221 1633 1258 1697; x_wconf 72' lang='lat' dir='ltr'>da</span> 
     </span>
     <span class='ocr_line' id='line_1_13' title="bbox 719 1735 887 1821; baseline -0.006 -22"><span class='ocrx_word' id='word_1_70' title='bbox 719 1735 887 1821; x_wconf 68' lang='lat' dir='ltr'>Latapadon.</span> 
     </span>
    </p>
   </div>
   <div class='ocr_carea' id='block_1_4' title="bbox 168 1859 1280 1942">
    <p class='ocr_par' dir='ltr' id='par_1_4' title="bbox 168 1859 1280 1942">
     <span class='ocr_line' id='line_1_14' title="bbox 168 1859 1280 1942; baseline 0 -18"><span class='ocrx_word' id='word_1_71' title='bbox 168 1884 261 1934; x_wconf 61' lang='lat' dir='ltr'>sapher</span> <span class='ocrx_word' id='word_1_72' title='bbox 398 1859 553 1925; x_wconf 81' lang='lat' dir='ltr'>cassatis</span> <span class='ocrx_word' id='word_1_73' title='bbox 581 1860 699 1942; x_wconf 91' lang='lat' dir='ltr'>itaque</span> <span class='ocrx_word' id='word_1_74' title='bbox 729 1859 953 1934; x_wconf 87' lang='lat' dir='ltr'>electionibus</span> <span class='ocrx_word' id='word_1_75' title='bbox 986 1859 1196 1937; x_wconf 89' lang='lat' dir='ltr'>memoratis,</span> <span class='ocrx_word' id='word_1_76' title='bbox 1218 1859 1280 1924; x_wconf 91' lang='lat' dir='ltr'>do-</span> 
     </span>
    </p>
   </div>
   <div class='ocr_carea' id='block_1_5' title="bbox 166 1935 1279 2044">
    <p class='ocr_par' dir='ltr' id='par_1_5' title="bbox 166 1935 1279 2044">
     <span class='ocr_line' id='line_1_15' title="bbox 166 1935 1279 2044; baseline -0.001 -19"><span class='ocrx_word' id='word_1_77' title='bbox 166 1935 300 2025; x_wconf 56' lang='lat' dir='ltr'>i&#39;ii&#39;ffe&#39;c‘iiteu</span> <span class='ocrx_word' id='word_1_78' title='bbox 330 1961 442 2025; x_wconf 92' lang='lat' dir='ltr'>minus</span> <span class='ocrx_word' id='word_1_79' title='bbox 474 1973 589 2044; x_wconf 56' lang='lat' dir='ltr'>papas</span> <span class='ocrx_word' id='word_1_80' title='bbox 606 1961 726 2024; x_wconf 94' lang='lat' dir='ltr'>nolens</span> <span class='ocrx_word' id='word_1_81' title='bbox 751 1959 883 2023; x_wconf 90' lang='lat' dir='ltr'>diutius</span> <span class='ocrx_word' id='word_1_82' title='bbox 909 1960 1091 2037; x_wconf 88' lang='lat' dir='ltr'>sustinere,</span> <span class='ocrx_word' id='word_1_83' title='bbox 1118 1967 1157 2024; x_wconf 92' lang='lat' dir='ltr'>ut</span> <span class='ocrx_word' id='word_1_84' title='bbox 1180 1960 1279 2042; x_wconf 83' lang='lat' dir='ltr'>gregi</span> 
     </span>
    </p>
   </div>
   <div class='ocr_carea' id='block_1_6' title="bbox 167 2036 1281 3945">
    <p class='ocr_par' dir='ltr' id='par_1_6' title="bbox 167 2036 1281 3945">
     <span class='ocr_line' id='line_1_16' title="bbox 167 2036 1280 2143; baseline 0.001 -19"><span class='ocrx_word' id='word_1_85' title='bbox 167 2036 292 2125; x_wconf 50' lang='lat' dir='ltr'>mliii—¹¹</span> <span class='ocrx_word' id='word_1_86' title='bbox 330 2061 513 2127; x_wconf 91' lang='lat' dir='ltr'>Dominico</span> <span class='ocrx_word' id='word_1_87' title='bbox 535 2067 619 2124; x_wconf 86' lang='lat' dir='ltr'>cura</span> <span class='ocrx_word' id='word_1_88' title='bbox 641 2059 776 2124; x_wconf 87' lang='lat' dir='ltr'>deesset</span> <span class='ocrx_word' id='word_1_89' title='bbox 797 2060 996 2143; x_wconf 81' lang='lat' dir='ltr'>pastoralis,</span> <span class='ocrx_word' id='word_1_90' title='bbox 1018 2060 1191 2143; x_wconf 84' lang='lat' dir='ltr'>persuasit</span> <span class='ocrx_word' id='word_1_91' title='bbox 1206 2080 1280 2125; x_wconf 73' lang='lat' dir='ltr'>mo-</span> 
     </span>
     <span class='ocr_line' id='line_1_17' title="bbox 168 2137 1280 2244; baseline -0.001 -19"><span class='ocrx_word' id='word_1_92' title='bbox 168 2137 229 2186; x_wconf 53' lang='grc' dir='ltr'>Μ’·</span> <span class='ocrx_word' id='word_1_93' title='bbox 330 2161 450 2225; x_wconf 90' lang='lat' dir='ltr'>naohis</span> <span class='ocrx_word' id='word_1_94' title='bbox 476 2161 795 2237; x_wconf 77' lang='lat' dir='ltr'>cantuariensibus,</span> <span class='ocrx_word' id='word_1_95' title='bbox 818 2162 879 2243; x_wconf 93' lang='lat' dir='ltr'>qui</span> <span class='ocrx_word' id='word_1_96' title='bbox 897 2167 1138 2244; x_wconf 88' lang='lat' dir='ltr'>procuratores</span> <span class='ocrx_word' id='word_1_97' title='bbox 1163 2179 1280 2224; x_wconf 90' lang='lat' dir='ltr'>coram</span> 
     </span>
     <span class='ocr_line' id='line_1_18' title="bbox 330 2259 1280 2343; baseline -0.002 -18"><span class='ocrx_word' id='word_1_98' title='bbox 330 2281 372 2326; x_wconf 89' lang='lat' dir='ltr'>eo</span> <span class='ocrx_word' id='word_1_99' title='bbox 397 2261 577 2326; x_wconf 89' lang='lat' dir='ltr'>constituti</span> <span class='ocrx_word' id='word_1_100' title='bbox 601 2260 738 2324; x_wconf 89' lang='lat' dir='ltr'>fuerant</span> <span class='ocrx_word' id='word_1_101' title='bbox 758 2280 820 2343; x_wconf 92' lang='lat' dir='ltr'>pro</span> <span class='ocrx_word' id='word_1_102' title='bbox 843 2261 984 2343; x_wconf 86' lang='lat' dir='ltr'>negotio</span> <span class='ocrx_word' id='word_1_103' title='bbox 1008 2259 1162 2325; x_wconf 83' lang='lat' dir='ltr'>eeclesiae</span> <span class='ocrx_word' id='word_1_104' title='bbox 1185 2260 1280 2325; x_wconf 87' lang='lat' dir='ltr'>Can·</span> 
     </span>
     <span class='ocr_line' id='line_1_19' title="bbox 330 2360 1280 2443; baseline 0 -17"><span class='ocrx_word' id='word_1_105' title='bbox 330 2362 527 2439; x_wconf 78' lang='lat' dir='ltr'>tuamensis,</span> <span class='ocrx_word' id='word_1_106' title='bbox 545 2367 585 2425; x_wconf 91' lang='lat' dir='ltr'>ut</span> <span class='ocrx_word' id='word_1_107' title='bbox 601 2360 768 2443; x_wconf 84' lang='lat' dir='ltr'>eligerent</span> <span class='ocrx_word' id='word_1_108' title='bbox 782 2361 986 2442; x_wconf 84' lang='lat' dir='ltr'>magistrum</span> <span class='ocrx_word' id='word_1_109' title='bbox 1005 2360 1217 2442; x_wconf 85' lang='lat' dir='ltr'>Stephanum</span> <span class='ocrx_word' id='word_1_110' title='bbox 1237 2361 1280 2426; x_wconf 90' lang='lat' dir='ltr'>de</span> 
     </span>
     <span class='ocr_line' id='line_1_20' title="bbox 331 2460 1281 2544; baseline 0.001 -18"><span class='ocrx_word' id='word_1_111' title='bbox 331 2461 547 2544; x_wconf 85' lang='lat' dir='ltr'>Langetune,</span> <span class='ocrx_word' id='word_1_112' title='bbox 576 2462 813 2544; x_wconf 88' lang='lat' dir='ltr'>presbyterum</span> <span class='ocrx_word' id='word_1_113' title='bbox 845 2460 1066 2538; x_wconf 88' lang='lat' dir='ltr'>cardinalem,</span> <span class='ocrx_word' id='word_1_114' title='bbox 1088 2461 1211 2538; x_wconf 89' lang='lat' dir='ltr'>virum,</span> <span class='ocrx_word' id='word_1_115' title='bbox 1241 2470 1281 2527; x_wconf 93' lang='lat' dir='ltr'>ut</span> 
     </span>
     <span class='ocr_line' id='line_1_21' title="bbox 330 2560 1278 2648; baseline 0.001 -23"><span class='ocrx_word' id='word_1_116' title='bbox 330 2561 493 2638; x_wconf 88' lang='lat' dir='ltr'>diximus,</span> <span class='ocrx_word' id='word_1_117' title='bbox 515 2562 551 2625; x_wconf 93' lang='lat' dir='ltr'>in</span> <span class='ocrx_word' id='word_1_118' title='bbox 574 2561 702 2648; x_wconf 89' lang='lat' dir='ltr'>literali</span> <span class='ocrx_word' id='word_1_119' title='bbox 725 2561 869 2625; x_wconf 87' lang='lat' dir='ltr'>scientia</span> <span class='ocrx_word' id='word_1_120' title='bbox 891 2560 1075 2638; x_wconf 81' lang='lat' dir='ltr'>eruditum,</span> <span class='ocrx_word' id='word_1_121' title='bbox 1093 2560 1278 2626; x_wconf 89' lang='lat' dir='ltr'>discretum</span> 
     </span>
     <span class='ocr_line' id='line_1_22' title="bbox 329 2661 1281 2745; baseline -0.004 -20"><span class='ocrx_word' id='word_1_122' title='bbox 329 2669 365 2725; x_wconf 89' lang='lat' dir='ltr'>et</span> <span class='ocrx_word' id='word_1_123' title='bbox 384 2663 537 2727; x_wconf 88' lang='lat' dir='ltr'>moribus</span> <span class='ocrx_word' id='word_1_124' title='bbox 561 2669 742 2742; x_wconf 88' lang='lat' dir='ltr'>ornatum;</span> <span class='ocrx_word' id='word_1_125' title='bbox 775 2679 944 2739; x_wconf 90' lang='lat' dir='ltr'>asserens,</span> <span class='ocrx_word' id='word_1_126' title='bbox 964 2661 1073 2745; x_wconf 91' lang='lat' dir='ltr'>ipsius</span> <span class='ocrx_word' id='word_1_127' title='bbox 1093 2662 1281 2743; x_wconf 72' lang='lat' dir='ltr'>promotio.</span> 
     </span>
     <span class='ocr_line' id='line_1_23' title="bbox 330 2760 1280 2844; baseline 0.002 -20"><span class='ocrx_word' id='word_1_128' title='bbox 330 2770 420 2838; x_wconf 82' lang='lat' dir='ltr'>nem,</span> <span class='ocrx_word' id='word_1_129' title='bbox 442 2769 514 2826; x_wconf 92' lang='lat' dir='ltr'>tam</span> <span class='ocrx_word' id='word_1_130' title='bbox 532 2763 601 2844; x_wconf 92' lang='lat' dir='ltr'>ipsi</span> <span class='ocrx_word' id='word_1_131' title='bbox 621 2761 694 2843; x_wconf 87' lang='lat' dir='ltr'>regi</span> <span class='ocrx_word' id='word_1_132' title='bbox 712 2780 816 2844; x_wconf 92' lang='lat' dir='ltr'>qnam</span> <span class='ocrx_word' id='word_1_133' title='bbox 839 2763 1011 2827; x_wconf 88' lang='lat' dir='ltr'>universae</span> <span class='ocrx_word' id='word_1_134' title='bbox 1029 2761 1184 2826; x_wconf 87' lang='lat' dir='ltr'>ecclesiae</span> <span class='ocrx_word' id='word_1_135' title='bbox 1204 2760 1280 2826; x_wconf 88' lang='lat' dir='ltr'>An-</span> 
     </span>
     <span class='ocr_line' id='line_1_24' title="bbox 328 2855 1279 2945; baseline 0.003 -21"><span class='ocrx_word' id='word_1_136' title='bbox 328 2861 490 2944; x_wconf 85' lang='lat' dir='ltr'>glicanae,</span> <span class='ocrx_word' id='word_1_137' title='bbox 507 2862 692 2945; x_wconf 90' lang='lat' dir='ltr'>plurimum</span> <span class='ocrx_word' id='word_1_138' title='bbox 715 2855 961 2944; x_wconf 85' lang='lat' dir='ltr'>¹prosuturam.</span> <span class='ocrx_word' id='word_1_139' title='bbox 1014 2861 1179 2926; x_wconf 90' lang='lat' dir='ltr'>Monachi</span> <span class='ocrx_word' id='word_1_140' title='bbox 1195 2882 1279 2928; x_wconf 88' lang='lat' dir='ltr'>vero</span> 
     </span>
     <span class='ocr_line' id='line_1_25' title="bbox 329 2960 1279 3045; baseline 0.002 -20"><span class='ocrx_word' id='word_1_141' title='bbox 329 2960 468 3026; x_wconf 85' lang='lat' dir='ltr'>adhaec</span> <span class='ocrx_word' id='word_1_142' title='bbox 491 2961 738 3045; x_wconf 88' lang='lat' dir='ltr'>respondentes</span> <span class='ocrx_word' id='word_1_143' title='bbox 757 2962 970 3039; x_wconf 88' lang='lat' dir='ltr'>asserebant,</span> <span class='ocrx_word' id='word_1_144' title='bbox 996 2961 1062 3026; x_wconf 91' lang='lat' dir='ltr'>sibi</span> <span class='ocrx_word' id='word_1_145' title='bbox 1084 2981 1152 3025; x_wconf 91' lang='lat' dir='ltr'>non</span> <span class='ocrx_word' id='word_1_146' title='bbox 1174 2962 1279 3028; x_wconf 90' lang='lat' dir='ltr'>licere</span> 
     </span>
     <span class='ocr_line' id='line_1_26' title="bbox 328 3062 1280 3144; baseline 0.005 -21"><span class='ocrx_word' id='word_1_147' title='bbox 328 3068 456 3143; x_wconf 90' lang='lat' dir='ltr'>praeter</span> <span class='ocrx_word' id='word_1_148' title='bbox 480 3081 686 3126; x_wconf 89' lang='lat' dir='ltr'>consensum</span> <span class='ocrx_word' id='word_1_149' title='bbox 707 3062 841 3144; x_wconf 87' lang='lat' dir='ltr'>regium</span> <span class='ocrx_word' id='word_1_150' title='bbox 870 3069 905 3126; x_wconf 90' lang='lat' dir='ltr'>et</span> <span class='ocrx_word' id='word_1_151' title='bbox 929 3062 984 3127; x_wconf 91' lang='lat' dir='ltr'>sui</span> <span class='ocrx_word' id='word_1_152' title='bbox 1007 3068 1199 3127; x_wconf 82' lang='lat' dir='ltr'>conventus</span> <span class='ocrx_word' id='word_1_153' title='bbox 1221 3083 1280 3128; x_wconf 87' lang='lat' dir='ltr'>ca-</span> 
     </span>
     <span class='ocr_line' id='line_1_27' title="bbox 328 3161 1280 3245; baseline 0.004 -21"><span class='ocrx_word' id='word_1_154' title='bbox 328 3162 487 3227; x_wconf 89' lang='lat' dir='ltr'>nonicam</span> <span class='ocrx_word' id='word_1_155' title='bbox 511 3162 711 3227; x_wconf 86' lang='lat' dir='ltr'>electionem</span> <span class='ocrx_word' id='word_1_156' title='bbox 732 3162 769 3225; x_wconf 94' lang='lat' dir='ltr'>in</span> <span class='ocrx_word' id='word_1_157' title='bbox 791 3179 939 3244; x_wconf 89' lang='lat' dir='ltr'>persona</span> <span class='ocrx_word' id='word_1_158' title='bbox 960 3161 1115 3245; x_wconf 88' lang='lat' dir='ltr'>qualibet</span> <span class='ocrx_word' id='word_1_159' title='bbox 1136 3182 1280 3228; x_wconf 87' lang='lat' dir='ltr'>consen-</span> 
     </span>
     <span class='ocr_line' id='line_1_28' title="bbox 328 3261 1279 3348; baseline 0.005 -24"><span class='ocrx_word' id='word_1_160' title='bbox 328 3261 393 3325; x_wconf 89' lang='lat' dir='ltr'>tire</span> <span class='ocrx_word' id='word_1_161' title='bbox 412 3261 466 3326; x_wconf 88' lang='lat' dir='ltr'>vel</span> <span class='ocrx_word' id='word_1_162' title='bbox 489 3262 568 3325; x_wconf 89' lang='lat' dir='ltr'>sine</span> <span class='ocrx_word' id='word_1_163' title='bbox 584 3261 654 3325; x_wconf 91' lang='lat' dir='ltr'>illis</span> <span class='ocrx_word' id='word_1_164' title='bbox 680 3261 882 3327; x_wconf 90' lang='lat' dir='ltr'>electionem</span> <span class='ocrx_word' id='word_1_165' title='bbox 905 3262 1099 3342; x_wconf 85' lang='lat' dir='ltr'>celebrare;</span> <span class='ocrx_word' id='word_1_166' title='bbox 1125 3269 1164 3326; x_wconf 90' lang='lat' dir='ltr'>at</span> <span class='ocrx_word' id='word_1_167' title='bbox 1185 3274 1279 3348; x_wconf 88' lang='lat' dir='ltr'>papa</span> 
     </span>
     <span class='ocr_line' id='line_1_29' title="bbox 328 3361 1279 3445; baseline 0.004 -20"><span class='ocrx_word' id='word_1_168' title='bbox 328 3362 429 3443; x_wconf 91' lang='lat' dir='ltr'>quasi</span> <span class='ocrx_word' id='word_1_169' title='bbox 445 3362 582 3443; x_wconf 90' lang='lat' dir='ltr'>rapiens</span> <span class='ocrx_word' id='word_1_170' title='bbox 597 3363 738 3426; x_wconf 79' lang='lat' dir='ltr'>v&#39;erbum</span> <span class='ocrx_word' id='word_1_171' title='bbox 757 3382 808 3426; x_wconf 89' lang='lat' dir='ltr'>ex·</span> <span class='ocrx_word' id='word_1_172' title='bbox 818 3382 877 3426; x_wconf 89' lang='lat' dir='ltr'>ore</span> <span class='ocrx_word' id='word_1_173' title='bbox 892 3361 1045 3445; x_wconf 89' lang='lat' dir='ltr'>ipsorum</span> <span class='ocrx_word' id='word_1_174' title='bbox 1062 3362 1162 3440; x_wconf 86' lang='lat' dir='ltr'>dixit,</span> <span class='ocrx_word' id='word_1_175' title='bbox 1180 3364 1279 3429; x_wconf 83' lang='lat' dir='ltr'>‘Sci-</span> 
     </span>
     <span class='ocr_line' id='line_1_30' title="bbox 326 3461 1280 3543; baseline 0.005 -18"><span class='ocrx_word' id='word_1_176' title='bbox 326 3462 396 3525; x_wconf 88' lang='lat' dir='ltr'>atis</span> <span class='ocrx_word' id='word_1_177' title='bbox 418 3480 483 3526; x_wconf 87' lang='lat' dir='ltr'>vos</span> <span class='ocrx_word' id='word_1_178' title='bbox 510 3461 700 3543; x_wconf 90' lang='lat' dir='ltr'>plenariam</span> <span class='ocrx_word' id='word_1_179' title='bbox 725 3461 852 3527; x_wconf 89' lang='lat' dir='ltr'>habere</span> <span class='ocrx_word' id='word_1_180' title='bbox 883 3462 920 3525; x_wconf 90' lang='lat' dir='ltr'>in</span> <span class='ocrx_word' id='word_1_181' title='bbox 948 3462 1094 3527; x_wconf 88' lang='lat' dir='ltr'>eeclesia</span> <span class='ocrx_word' id='word_1_182' title='bbox 1124 3462 1280 3529; x_wconf 79' lang='lat' dir='ltr'>Cantua·</span> 
     </span>
     <span class='ocr_line' id='line_1_31' title="bbox 327 3561 1277 3648; baseline 0.005 -24"><span class='ocrx_word' id='word_1_183' title='bbox 327 3561 431 3625; x_wconf 89' lang='lat' dir='ltr'>riensi</span> <span class='ocrx_word' id='word_1_184' title='bbox 448 3568 668 3643; x_wconf 90' lang='lat' dir='ltr'>potestatem,</span> <span class='ocrx_word' id='word_1_185' title='bbox 682 3581 745 3626; x_wconf 86' lang='lat' dir='ltr'>neo</span> <span class='ocrx_word' id='word_1_186' title='bbox 765 3569 801 3627; x_wconf 88' lang='lat' dir='ltr'>et</span> <span class='ocrx_word' id='word_1_187' title='bbox 815 3582 920 3645; x_wconf 90' lang='lat' dir='ltr'>super</span> <span class='ocrx_word' id='word_1_188' title='bbox 939 3562 1162 3627; x_wconf 88' lang='lat' dir='ltr'>electionibus</span> <span class='ocrx_word' id='word_1_189' title='bbox 1182 3565 1277 3648; x_wconf 87' lang='lat' dir='ltr'>apud</span> 
     </span>
     <span class='ocr_line' id='line_1_32' title="bbox 325 3657 1278 3748; baseline 0.005 -24"><span class='ocrx_word' id='word_1_190' title='bbox 325 3661 441 3725; x_wconf 88' lang='lat' dir='ltr'>sedem</span> <span class='ocrx_word' id='word_1_191' title='bbox 457 3660 683 3743; x_wconf 91' lang='lat' dir='ltr'>apostolicam</span> <span class='ocrx_word' id='word_1_192' title='bbox 700 3657 881 3727; x_wconf 88' lang='lat' dir='ltr'>celebratis</span> <span class='ocrx_word' id='word_1_193' title='bbox 899 3663 987 3727; x_wconf 91' lang='lat' dir='ltr'>solet</span> <span class='ocrx_word' id='word_1_194' title='bbox 1004 3681 1167 3728; x_wconf 87' lang='lat' dir='ltr'>assensus</span> <span class='ocrx_word' id='word_1_195' title='bbox 1183 3667 1278 3748; x_wconf 90' lang='lat' dir='ltr'>prin-</span> 
     </span>
     <span class='ocr_line' id='line_1_33' title="bbox 325 3759 1275 3846; baseline 0.006 -22"><span class='ocrx_word' id='word_1_196' title='bbox 325 3761 440 3845; x_wconf 89' lang='lat' dir='ltr'>cipum</span> <span class='ocrx_word' id='word_1_197' title='bbox 465 3761 685 3844; x_wconf 87' lang='lat' dir='ltr'>exspeetari;</span> <span class='ocrx_word' id='word_1_198' title='bbox 714 3761 805 3826; x_wconf 89' lang='lat' dir='ltr'>unde</span> <span class='ocrx_word' id='word_1_199' title='bbox 827 3762 936 3839; x_wconf 90' lang='lat' dir='ltr'>vobis,</span> <span class='ocrx_word' id='word_1_200' title='bbox 965 3764 1024 3846; x_wconf 91' lang='lat' dir='ltr'>qui</span> <span class='ocrx_word' id='word_1_201' title='bbox 1048 3770 1102 3829; x_wconf 94' lang='lat' dir='ltr'>tot</span> <span class='ocrx_word' id='word_1_202' title='bbox 1128 3759 1165 3828; x_wconf 89' lang='lat' dir='ltr'>et</span> <span class='ocrx_word' id='word_1_203' title='bbox 1185 3765 1275 3830; x_wconf 86' lang='lat' dir='ltr'>tales</span> 
     </span>
     <span class='ocr_line' id='line_1_34' title="bbox 325 3860 1276 3945; baseline 0.005 -21"><span class='ocrx_word' id='word_1_204' title='bbox 325 3862 408 3924; x_wconf 90' lang='lat' dir='ltr'>estis</span> <span class='ocrx_word' id='word_1_205' title='bbox 431 3861 523 3944; x_wconf 93' lang='lat' dir='ltr'>quod</span> <span class='ocrx_word' id='word_1_206' title='bbox 544 3861 647 3944; x_wconf 87' lang='lat' dir='ltr'>plene</span> <span class='ocrx_word' id='word_1_207' title='bbox 676 3860 832 3927; x_wconf 91' lang='lat' dir='ltr'>sufficitis</span> <span class='ocrx_word' id='word_1_208' title='bbox 860 3861 904 3926; x_wconf 91' lang='lat' dir='ltr'>ad</span> <span class='ocrx_word' id='word_1_209' title='bbox 930 3861 1033 3927; x_wconf 86' lang='lat' dir='ltr'>istam</span> <span class='ocrx_word' id='word_1_210' title='bbox 1062 3862 1276 3945; x_wconf 90' lang='lat' dir='ltr'>electionem,</span> 
     </span>
    </p>
   </div>
   <div class='ocr_carea' id='block_1_7' title="bbox 324 3953 1278 4046">
    <p class='ocr_par' dir='ltr' id='par_1_7' title="bbox 324 3953 1278 4046">
     <span class='ocr_line' id='line_1_35' title="bbox 324 3953 1278 4046; baseline 0.007 -23"><span class='ocrx_word' id='word_1_211' title='bbox 324 3953 360 4024; x_wconf 86' lang='lat' dir='ltr'>in</span> <span class='ocrx_word' id='word_1_212' title='bbox 384 3959 512 4025; x_wconf 87' lang='lat' dir='ltr'>virtute</span> <span class='ocrx_word' id='word_1_213' title='bbox 540 3955 746 4026; x_wconf 88' lang='lat' dir='ltr'>obedientiae</span> <span class='ocrx_word' id='word_1_214' title='bbox 771 3970 807 4027; x_wconf 91' lang='lat' dir='ltr'>et</span> <span class='ocrx_word' id='word_1_215' title='bbox 829 3964 893 4027; x_wconf 92' lang='lat' dir='ltr'>sub</span> <span class='ocrx_word' id='word_1_216' title='bbox 916 3983 1023 4046; x_wconf 91' lang='lat' dir='ltr'>poena</span> <span class='ocrx_word' id='word_1_217' title='bbox 1046 3963 1278 4031; x_wconf 86' lang='lat' dir='ltr'>anathematis</span> 
     </span>
    </p>
   </div>
   <div class='ocr_carea' id='block_1_8' title="bbox 532 4164 1144 4253">
    <p class='ocr_par' dir='ltr' id='par_1_8' title="bbox 532 4164 1144 4253">
     <span class='ocr_line' id='line_1_36' title="bbox 532 4164 1144 4253; baseline 0.003 -35"><span class='ocrx_word' id='word_1_218' title='bbox 532 4166 541 4199; x_wconf 91' lang='lat'>¹</span> <span class='ocrx_word' id='word_1_219' title='bbox 553 4164 735 4234; x_wconf 73' lang='lat' dir='ltr'>Profuturum]</span> <span class='ocrx_word' id='word_1_220' title='bbox 752 4170 957 4253; x_wconf 48' lang='lat' dir='ltr'>‘Profecturamf</span> <span class='ocrx_word' id='word_1_221' title='bbox 967 4171 994 4220; x_wconf 91' lang='lat' dir='ltr'>in</span> <span class='ocrx_word' id='word_1_222' title='bbox 1007 4168 1065 4220; x_wconf 88' lang='lat' dir='ltr'>MS.</span> <span class='ocrx_word' id='word_1_223' title='bbox 1075 4214 1077 4220; x_wconf 79' lang='grc'>,</span> <span class='ocrx_word' id='word_1_224' title='bbox 1141 4236 1144 4243; x_wconf 32' lang='grc' dir='ltr'>Ι</span> 
     </span>
    </p>
   </div>
   <div class='ocr_carea' id='block_1_9' title="bbox 0 0 1434 4876">
    <p class='ocr_par' dir='ltr' id='par_1_9' title="bbox 0 0 1434 4876">
     <span class='ocr_line' id='line_1_37' title="bbox 0 0 1434 4876; baseline 0 1"><span class='ocrx_word' id='word_1_225' title='bbox 0 0 1434 4876; x_wconf 95' lang='lat' dir='ltr'> </span> 
     </span>
    </p>
   </div>
  </div>
 </body>
</html>
