2858 4876
339 397 405 462 352
594 410 728 458 nocnnr
752 410 800 457 nn
823 408 1029 458 wnnnovnn

177 585 302 626 evurw-
341 571 450 635 creati
478 576 513 634 et
538 568 668 633 Christi
694 569 831 632 nomine
856 565 1033 649 insigniti3
1065 566 1152 631 alios
1174 567 1211 631 in
1233 569 1292 631 tri-

341 670 487 752 podibus
501 677 536 733 et
552 669 726 733 craticulis
746 688 851 752 super
872 667 1059 731 candentes
1079 686 1209 750 prunas
1228 687 1292 749 ap·

341 771 523 852 plicantes,
549 789 590 833 ac
618 769 756 833 demum
778 768 814 832 in
842 787 935 851 aqua
960 768 1145 849 congelata
1173 776 1292 832 assata

342 889 488 952 corpora
516 870 732 947 balneanteS,
757 868 890 933 animas
920 867 1084 932 exhalare
1115 869 1292 950 compule-

342 977 434 1047 runt,
457 977 504 1047 et,
519 969 600 1033 dum
623 970 659 1032 in
678 968 834 1032 cruciatu
848 969 1037 1032 clamarent
1051 964 1293 1032 miserabiliter

342 1077 378 1134 et
393 1077 571 1152 gemerent
588 1069 797 1133 horribiliter
812 1088 885 1152 prae
902 1069 1008 1132 nimia
1029 1086 1211 1150 poenarum
1231 1087 1293 1132 an-

342 1170 460 1251 gustia
483 1170 611 1247 miseri,
638 1190 707 1234 non
728 1168 793 1233 fuit
820 1169 880 1251 qui
900 1168 1168 1232 misericordiam
1193 1169 1292 1233 adhi-

342 1270 450 1347 beret,
473 1289 536 1335 nec
560 1277 709 1334 tortores
728 1268 823 1333 aliud
843 1269 887 1332 ab
912 1270 961 1332 eis
982 1288 1085 1351 quam
1108 1269 1291 1351 pecuniam

342 1369 539 1451 exigebant.
593 1370 710 1448 Multi,
725 1370 784 1452 qui
807 1375 976 1432 terrenam
998 1368 1193 1434 habuerunt
1209 1370 1293 1433 sub·

342 1470 519 1547 stantiam,
530 1469 697 1533 dederunt
714 1489 789 1533 eam
808 1469 995 1533 tortoribus
1005 1469 1089 1546 suia,
1101 1488 1163 1532 nec
1174 1470 1295 1561 crede·

341 1569 445 1633 hatur
468 1570 518 1633 eis
544 1589 621 1633 cum
646 1571 762 1634 omnia
788 1567 1038 1648 contulissentg
1066 1568 1138 1646 alii,
1160 1570 1219 1653 qui
1244 1571 1292 1634 nil

343 1667 529 1746 habebant,
545 1670 656 1734 multa
680 1670 940 1752 promittebant,
964 1676 1004 1733 ut
1021 1669 1071 1732 sic
1093 1668 1215 1734 saltem
1231 1691 1294 1753 per

342 1769 494 1851 spatium
511 1771 675 1852 temporis
695 1771 934 1835 brevissimum
952 1777 1098 1852 experta
1118 1769 1295 1837 differrent

342 1870 525 1951 supplicia.
578 1869 667 1935 Haec
685 1869 751 1934 fuit
768 1871 802 1934 in
821 1868 951 1952 Anglia
972 1871 1165 1952 persecutio
1190 1890 1294 1952 gene-

343 1969 437 2046 ralis,
460 1969 541 2033 dum
566 1978 684 2052 patres
701 1990 723 2033 a
738 1970 829 2047 filiis,
846 1970 969 2033 fratres
981 1990 1002 2033 a
1013 1968 1189 2048 fratribus,
1200 1972 1294 2036 cives

343 2069 524 2148 acivibus‚
553 2070 597 2133 ad
622 2069 792 2153 supplicia
817 2070 1065 2136 vendebantur.
1118 2068 1295 2135 Nundinre

343 2188 421 2233 cum
437 2170 665 2234 mercimoniis
679 2172 873 2248 cessabant,
890 2189 944 2233 res
958 2170 1098 2234 venales
1114 2171 1149 2233 in
1167 2191 1294 2236 coeme-

343 2270 439 2333 teriis
466 2272 680 2352 agebantur3
712 2271 924 2352 agricultura
949 2271 1092 2352 quievit,
1116 2291 1178 2334 nec
1201 2273 1297 2354 quis-

342 2388 445 2451 quam
464 2371 685 2435 ecclesiarum
699 2371 826 2435 limites
841 2370 958 2453 egredi
971 2389 1077 2434 ausus
1094 2378 1180 2435 erat.
1232 2372 1295 2436 ln-

343 2476 396 2533 ter
411 2470 486 2534 haec
506 2473 632 2549 omnia,
649 2491 728 2553 quae
745 2472 931 2535 baronibus
949 2470 1195 2548 inserebantur,
1213 2492 1296 2536 con-

343 2570 440 2648 vitia,
458 2570 624 2655 jacebant
646 2572 713 2654 ipsi
729 2573 765 2635 in
784 2565 884 2637 ¹villa
902 2571 1158 2635 Londoniarum
1174 2573 1295 2636 mulie-

342 2689 419 2733 rum
441 2691 535 2734 more
557 2672 834 2754 parturientium,
859 2672 1005 2735 sollicite
1031 2672 1227 2753 cogitantes
1252 2672 1294 2736 de

343 2769 480 2833 cibariis
503 2778 538 2834 et
554 2772 700 2853 poculis,
718 2772 845 2854 siquid
861 2773 911 2836 eis
926 2778 1159 2863 apponeretur
1176 2773 1295 2837 insoli-

343 2875 428 2946 tum,
452 2870 544 2952 quod
567 2871 704 2935 sublato
726 2870 865 2935 fastidio
886 2872 956 2935 illis
978 2891 1104 2936 novum
1129 2873 1296 2938 tribueret

343 2969 558 3051 appetitum;
582 2971 654 3048 sed,
670 2972 738 3035 illis
756 2971 1016 3049 dormientibus
1039 2991 1101 3035 rex
1124 2992 1193 3036 non
1215 2971 1295 3036 dor·

343 3069 454 3147 mivit,
472 3071 553 3133 dum
572 3078 682 3135 terras
706 3091 821 3136 eorum
846 3079 882 3136 et
904 3072 1138 3154 possessiones
1162 3092 1293 3150 omnes,

342 3177 458 3233 castra
482 3177 517 3234 et
542 3171 740 3254 municipia,
770 3192 792 3236 a
820 3172 907 3236 mari
935 3172 1080 3236 australi
1108 3190 1218 3255 usque
1247 3173 1292 3236 ad

342 3263 453 3334 mare²
468 3269 642 3336 Scoticum
657 3272 693 3335 in
708 3292 806 3336 suam
821 3279 1030 3354 potestatem
1045 3271 1184 3355 recepit.

397 3453 514 3534 Quibus
529 3478 584 3520 rec
599 3466 702 3520 eostre
718 3456 865 3534 tradidit,
881 3479 946 3542 qoae
959 3478 1058 3542 caper
1071 3456 1236 3543 subegerat.

178 3573 275 3673 {pgpm
393 3569 550 3654 Cumque
567 3593 642 3651 rex,
659 3581 698 3637 ut
711 3573 840 3638 dictum
858 3583 923 3651 est,
940 3574 983 3638 de
1000 3575 1102 3638 rebus
1124 3558 1293 3638 baronum

178 3679 322 3763 {ssl‘fflw
341 3690 405 3754 pro
433 3671 533 3736 libitu
567 3692 630 3736 suo
659 3674 896 3755 disposuisset,
919 3681 1029 3738 totam
1053 3681 1177 3737 terram
1203 3675 1296 3739 inter

177 3775 260 3814 wls·-
341 3770 468 3835 flumen
491 3772 618 3836 Theise
645 3780 681 3836 et
701 3772 852 3838 Scotiam
880 3794 959 3844 cum
986 3775 1089 3838 rebus
1115 3782 1150 3838 et
1170 3775 1297 3838 castris

341 3871 483 3935 tradidit
499 3871 645 3954 Hugoni
662 3873 704 3937 de
723 3873 862 3937 Bailliol
878 3881 913 3938 et
931 3874 1094 3957 Philippo
1114 3874 1157 3938 de
1182 3874 1296 3938 Huic·

341 3979 449 4049 cotes,
472 3973 660 4054 assignatis
684 3973 754 4037 illis
769 3974 935 4038 militibus
949 3981 985 4039 et
1001 3975 1155 4052 armatis,
1173 3975 1232 4057 qui
1248 3976 1294 4039 ad

376 4123 462 4175 ¹Vitla
478 4121 690 4196 Londoniarum]
715 4127 804 4175 ‘Urbe
830 4141 915 4177 cesses
937 4128 1082 4177 committed
1102 4128 1136 4189 by
1153 4128 1222 4177 John
1242 4131 1294 4178 aud
1323 4162 1326 4168 -

340 4194 463 4242 Londini’
474 4194 500 4242 in
514 4196 544 4245 C.
830 4196 870 4246 his
892 4212 964 4258 army
986 4199 1013 4246 in
1034 4197 1153 4247 Scotland
1175 4214 1293 4262 compare

375 4260 464 4313 'Mare
476 4265 628 4328 Scoticum]
646 4266 696 4314 For
707 4266 749 4315 the
761 4281 805 4315 ex·
830 4267 935 4319 Meiros.
948 4268 1041 4318 Chron.
1053 4284 1079 4331 p.
1090 4272 1146 4332 189,
1157 4283 1221 4334 seqq.
